|0000|013|0|01102019|31102019|DICARRO BATERIAS E PNEUS LTDA|05656386000108||MA|122067665|2111300|||A|1|
|0001|0|
|0005|DICARRO BATERIAS SAO LUIS|65054140|RUA SAO FRANCISCO BL 1 LOJA 12|418||FORQUILHA|9832212005|||
|0100|ESCON ESCRITORIO DE CONTABILIDADE EIRELI-EPP|||10540558000113|64014073|RUA SANTA LUZIA|3040||ILHOTAS|8633037105|||2211001|
|0150|1|DICARRO BATERIAS E PNEUS LTDA|1058|05656386000108||122067665|2111300||RUA SAO FRANCISCO BL 1 LOJA 12|416||FORQUILHA|
|0150|169|FRANCISCO CAMPOS|1058|02368949000174||121620816|2111300||AVENIDA BRASIL|55||VILA VICENTE FIALHO|
|0150|258|S R PECAS E COMERCIO LTDA|1058|02521514000118||121661466|2101707||RUA ANTONIO RODRIGUES 120|120||CENTRO|
|0150|628|J A S RIBEIRO|1058|74110552000199||121353656|2111300||AV. DOS FRANCESES|280||ALEMANHA|
|0150|741|SANDRO R.S.MELO|1058|05245107000113||122025199|2108207||AV MARIANO LISBOA|1360||ENGENHO|
|0150|1041|F R RABELO FILHO|1058|01432999000100||121518272|2111300||RUA MOURAO RANGEL 200A R|200||RETIRO NATAL|
|0150|1221|F.M.LIMA SILVA-COMERCIO|1058|05513321000103||122055179|2106409||RUA DEPUTADO BACELAR  S/N|1||CENTRO|
|0150|1449|FABIO ANDRE DE ABREU SILVA|1058||76089959391||2111300||RUA CONGONHAS|12||RECANTO DOS VINHAIS|
|0150|1626|I P CARNEIRO PECAS-ME|1058|02159808000141||121604993|2103208||AV.ATALIBA VIEIRA DE ALMEIDA|1416||CENTRO|
|0150|1648|WILSON H P MATOS|1058|02724690000157||121644758|2111706||AV ROSEANA SARNEY|1||CENTRO|
|0150|1686|R.N VIEIRA DA SILVA - ME|1058|07602898000117||122226127|2100154||RUA MANOEL PEREIRA|27||CENTRO|
|0150|1928|D.S. MACHADO PECAS E ACESSORIOS|1058|07954112000120||122269136|2107456||ROD MA  KM 14|1||CENTRO|
|0150|2347|ARAUJO TRANSPORTES E SERVICOS LTDA|1058|09125693000113||124084966|2111300||AV  DOS FRANCESES|34||COHEB  SACAVEM|
|0150|2548|L C DE OLIVEIRA MEDEIROS|1058|18183218000194||124103715|2112704||AV CASTELO BRANCO|48||CENTRO|
|0150|2596|E. S DA SILVA|1058|06179442000123||122166760|2105005||RUA IRINEU SANTOS|965||CENTRO|
|0150|2953|J DE ALENCAR VIANA ARAUJO|1058|07598330000170||122223705|2101707||RUA ANTONIO RODRIGUES|0||MURICI|
|0150|2971|L C BORGES DE OLIVEIRA|1058|05623620000109||122064097|2111300||AV 01 QD 25|61||BEQUIMAO|
|0150|2982|R S CUTRIM ME|1058|10222975000118||122986474|2111300||R 48 QD  41 LT 2021|2||AREINHA|
|0150|2990|L H MOTOS LTDA|1058|11706222000140||123288584|2107506||ESTRADA DE RIBAMAR|201||VILA NAZARE|
|0150|3713|A R SOUZA|1058|08719869000100||122356900|2108603||AV TARQUINIO LOPES|1347||CENTRO|
|0150|3958|RAIMUNDO FERREIRA DE SOUSA|1058|11288115000140||123732972|2110203||RUA SAO PEDRO|15||CENTRO|
|0150|3964|EXPRESSO RIO NEGRO LTDA|1058|04046541000101||122072200|2111300||TRAVESSA MARINGA|6||TIRIRICAL|
|0150|4146|SILVIO ROMERO COSTA DOS SANTOS|1058||90617460353||2111300||RUA 23 QD 23|23||VILAGES|
|0150|4206|LEILA ISABEL MAIA DA SILVA|1058|41623190000180||122377303|2106805||AV GOVERNADOR ANTONIO DINO|174||CENTRO|
|0150|4464|J RODRIGUES MELO COMERCIO|1058|23689615000172||121041239|2111300||AV DOS HOLANDESES|92||OLHO D규GUA|
|0150|4467|V T S PINHEIRO AUTO PECAS|1058|08147577000132||122286731|2110401||AV ZENAIDE MESQUITA|20||CENTRO|
|0150|4473|BATERIAS PIONEIRO INDUSTRIAL LTDA|1058|82927385000100||252184866|4218509||RODO RODOVIA SC 454 KM|11||DISTRITO INDUSTRIAL|
|0150|4485|N SILVA PECAS-ME|1058|08472620000135||122323335|2100709||RUA MANOEL ROSA MENDONCA|224||CENTRO|
|0150|4497|LUIS CARLOS MACEDO DOS REIS|1058|14988756000103||123775485|2101707||RUA 7 DE SETEMBRO|177||LADEIRA|
|0150|4502|CHARLIE BRENDO NAZARE GARCIA|1058|13367342000196||123546370|2108603||RUA PRINCIPAL|1||MARANHAO NOVO|
|0150|4513|J R PEREIRA MANDU|1058|07780815000180||122246730|2112407||RUA GOLDOFREDO VIANA|126||CENTRO|
|0150|4531|R J ARRAIS ME|1058|17881519000129||124065546|2105401||RUA MIGUEL FIQUENE|23||ENTRONCAMENTO|
|0150|4550|WALISON DOS PASSOS SILVA|1058|20809269000120||124441645|2111300||RUA SAO JOSE|7||SAO RAIMUNDO|
|0150|4617|M R S DA COSTA|1058|13915864000185||123619351|2100907||AVENIDA DOUTOR PAULO RAMOS|180||CONCEICAO|
|0150|4649|PORTOS EMPREENDIMENTOS LTDA|1058|73787483000513||123937272|2111300||BR 135; KM 12|1000||PEDRINHAS|
|0150|4667|I A DE SOUSA NETO|1058|09495712000101||122774930|2109601||AV TIRADENTES|2749||CENTRO|
|0150|4672|EDNALDO JESUS PEREIRA TELES|1058|10833454000105||123154650|2103703||RUA GETULIO VARGAS|144||CENTRO|
|0150|4681|H M PINHEIRO|1058|02133426000149||121582116|2111003||RUA GETULIO VARGAS|0||CENTRO|
|0150|4683|S C MENEZES|1058|10607965000109||123113326|2108603||AV PAULO RAMOS|551||CENTRO|
|0150|4700|M L DO N LIMA SILVA|1058|00516041000135||121723259|2111300||RUA JOSE SARNEY|8||JARDIM SAO CRISTOVAO|
|0150|4702|GILSON BATISTA SILVA RIBEIRO|1058|12607770000186||123429790|2111300||AV LOUREN큞 VIEIRA DA SILVA|10|QD 57|JARDIM S츒 CRISTOV츒|
|0150|4713|E N DE SA PEREIRA|1058|08423564000149||122316193|2111300||AV 01|45|QD 06|JARDIM AMERICA|
|0150|4726|G C L NUNES ME|1058|13526035000100||123565618|2112803||RODOVIA MA 014|21||VINAGRE|
|0150|4729|VICMA COMERCIO E REPRESENTACOES LTDA|1058|11744639000106||124193137|2111300||AV JERONIMO DE ALBURQUERQUE|8||BEQUIMAO|
|0150|4761|JANIO J DE S SANTOS-ME|1058|14737190000139||123738768|2107357||RUA DO COMERCIO|21||CENTRO|
|0150|4763|ELIUDE DA SILVA RODRIGUES|1058|13509767000192||123563429|2104305||AV TEOLIFO VIANA|858||MONTE SIAO|
|0150|4767|JOEL RODRIGUES CARNEIRO|1058|26784838000107||125119089|2101103||AV SENADOR JOSE SARNEY|0||CENTRO|
|0150|4779|JOSE RIBEIRO FILHO-ME|1058|13702353000185||123588073|2104008||RUA TRES DE AGOSTO|428||CENTRO|
|0150|4814|ODEVALDO COSTA RIBEIRO|1058|17920242000104||124070728|2100436||AV RODOVIARIA|186||CENTRO|
|0150|4823|JULIA M ALVES|1058|14226009000120||123667402|2108454||RUA ELETRO NORTE|25||FILIPINHO|
|0150|4840|M I DE MORAES|1058|17138724000107||123959012|2107357||RUA DO COMERCIO|585||CENTRO|
|0150|4856|EDIVAN P DE SOUSA|1058|08298885000169||122304195|2112233||RUA DA SALVACAO|653||CENTRO|
|0150|4923|F DE A M BARROS|1058|08599123000100||122336852|2108603||RUA TARQUINIO LOPES|139||CENTRO|
|0150|4930|L F C FIGUEIRA JUNIOR MOTOS-ME|1058|20266579000146||124375880|2111300||RUA QUARENTA E OITO|2||AREINHA|
|0150|4937|F S MAGALHAES-ME|1058|04647421000160||121842975|2111300||RUA CARMELO|63||PIRAPORA|
|0150|4971|E N LUZ|1058|20218259000110||124369502|2111508||ROD BR 135 KM 180|26||BOM JESUS|
|0150|4974|J. ALVES SERRA|1058|17529754000136||124021956|2107456||RUA OSEAS DA MOTA CUTRIM|125||CENTRO|
|0150|5026|DEMERSON VERAS BOTELHO|1058|17710374000101||124044751|2111300||RUA DOZE QD 24|17||VILA EMBRATEL|
|0150|5033|CREUSA HELENA SILVA ROCHA|1058|18476511000140||124141226|2109809||AV DUQUE DE CAXIAS|100||CENTRO|
|0150|5043|NATALIA MESQUITA SOUSA|1058|25966394000168||125028504|2109908||RUA 21 DE AGOSTO|170||CENTRO|
|0150|5163|JOAO SANTOS SILVA COMERCIO|1058|29404561000138||125505019|2102705||RUA BENEDITO LOPES|28||CENTRO|
|0150|5180|TIAGO P SOUZA-ME|1058|10569399000180||123107342|2109601||AV TIRADENTES|2870||CENTRO|
|0150|5182|SILAS PEREIRA DE SOUSA JUNIOR ME|1058|14725129000171||123736749|2108801||RUA S츒 JOS톂158|A|CENTRO|
|0150|5205|J DE MELO VASCONCELOS|1058|18814280000137||124184855|2103208||RUA SAO JOSE DE RIBAMAR|215||CENTRO|
|0150|5207|CHRISTIANE DE MARIA FERNANDES CABRAL|1058|20471128000140||124402100|2112407||RUA GODOFREDO VIANA|207||CENTRO|
|0150|5296|J H S MENDES|1058|10353800000140||123072778|2106409||RUA COMADANTE R ARCHER|731||CENTRO|
|0150|5299|DIONIZIO GOMES DE CARVALHO|1058|13344035000190||123543754|2110203||RUA DO SOL|606||CENTRO|
|0150|5323|LUCAS RAFAEL MEIRELES GOMES|1058|22032272000106||124597246|2107456||MA 014|0||CENTRO|
|0150|5343|RAQUEL DE JESUS FREITAS LOPES-ME|1058|19919707000124||124328911|2103703||RUA BERNARDO VIEIRA|1500||CENTRO|
|0150|5423|OSVALINDO LOPES MONTEIRO|1058|17937703000143||124072640|2103703||AV CASTELO BRANCO|75||CENTRO|
|0150|5424|GLACIVAL COSTA NEVES|1058|17654867000163||124037712|2103703||AV GOVERNADOR ANTONIO DINO|47||AREIA BRANCA|
|0150|5436|R R CARVALHO PE큐S|1058|18665226000177||124165320|2111409||TRAV SAO BENEDITO|0||CENTRO|
|0150|5455|ZECA PECAS E SERVICOS MECANICOS LTDA|1058|17992335000136||124079725|2111300||RUA INDEPENDENCIA|86||VILA CASCAVEL|
|0150|5465|MARCELO JOSE SOARES LINDOSO|1058|31159763000103||125728395|2107456||RODOVIA MA|14||CENTRO|
|0150|5495|DIEGO M. LEITE - ME|1058|14639212000128||123724287|2108207||RUA MANOEL TRINDADE|579||BOIADA|
|0150|5509|J ABREU MACHADO - ME|1058|18009608000142||124081622|2109908||RUA 21 DE AGOSTO|260||CENTRO|
|0150|5580|SD COMERCIAL DE BATERIAS AUTOMOTIVAS LTDA|1058|12554612000105||256205175|4200408||RODOVIA SC 150|0||INTERIOR|
|0150|5589|F A ARAUJO DE SOUSA|1058|63573695000110||121201597|2111508||AV PEQUI|327||CENTRO|
|0150|5601|EDIVALDO AMORIM PEDROSO JUNIOR|1058|20686936000125||124426573|2104305||RUA DOUTORA  ANTONIO DINO|217||ALEGRE|
|0150|5609|ANTONIO GEOVANIO LOPES MACHADO|1058|19150124000181||124230733|2102200||RUA SANTA HELENA|99||BACURI|
|0150|5614|E PEREIRA BARROS ME|1058|17120113000204||124736785|2111300||AVENIDA GUAJAJARAS|3||JARDIM SAO CRISTOVAO|
|0150|5622|PNEU CENTER LTDA - ME|1058|15723093000150||123865026|2111300||RUA SANTA FLORENCA|03||JARDIM SAO CRISTOVAO|
|0150|5631|RAIMUNDO BASTOS DE SOUSA|1058||00825366356||2111300||AVENIDA GUAJAJARAS|10||TIRIRICAL|
|0150|5632|L R DE SOUSA COMERCIO|1058|14492796000151||123703379|2111508||AV ANTONIO PEREIRA|1988|BR 135|CENTRO|
|0150|5647|I DA S  SANTOS PECAS -ME|1058|03850194000102||121762645|2111300||AV 4|120||JARDIM AMERICA|
|0150|5678|CENTER CAR EIRELI|1058|14522082000149||123708060|2112803||RD MA 014 KM 38|455||SUBESTACAO|
|0150|5686|CARLOS CELSO DE MESQUITA SOUSA|1058|19637262000190||124296130|2110401||RUA EVARISTO|87||CENTRO|
|0150|5697|HIGIENIZADORA SAO LUIS LTDA|1058|03961336000109||121772721|2111300||AVENIDA LOURENCO VIEIRA DA SILVA|10||Jardim SAo CristOvAo|
|0150|5701|LOCADORA CONTE|1058|08828429000183|||2111300||RUA BOA ESPERANCA|120||Angelim|
|0150|5704|STEFFANY VIANA DA SILVA MUNIZ|1058|19000118000148||124210830|2111300||AVENIDA DOIS QD 35|1||CIDADE OLIMPICA|
|0150|5718|SILVA JUNIOR E RODRIGUES LTDA ME|1058|08009158000134||122273133|2104677||RUA DO COMERCIO|1460||CENTRO|
|0150|5719|RAIMUNDA MENESES DA SILVA|1058|18435200000132||124135781|2105708||AV VIEIRA DE MELO|73||CENTRO|
|0150|5723|MINASMAR COMERCIO DE GENEROS ALIMENTICIOS LTDA|1058|07335393000133||122236335|2111201||RUA SAO JOSE|1999||ARACAGI|
|0150|5725|ALTHA SOLUCOES AUTOMOTIVAS LTDA|1058|17744891000193||124048439|2111300||AVENIDA NOSSA SENHORA DA CONCEICAO|77||Aurora|
|0150|5726|JOINA COSTA DO VALE|1058|22411683000102||124646182|2111201||RUA DA ALEGRIA|148||MOROPOIA|
|0150|5728|MARIO MARCIO RODRIGUES HOLSBACH|1058||01695980808||2111300||RUA DUQUE BACELAR|12||Jardim Eldorado|
|0150|5729|J A DE SOUSA MOURAO|1058|08579135000165||122332130|2105708||RUA SENADOR VITORINO FREIRE|477||CENTRO|
|0150|5734|AILTON NASCIMENTO BORGES|1058|25148209000128||124969119|2111201||RUA 1|6||PARQUE VITORIA|
|0150|5744|NUNES E MELONIO LTDA|1058|21923761000195||124583920|2112803||RUA ANTONIO SERAFIM|995||BARREIRINHA|
|0150|5761|ADEILSON JONAS SILVA ARAUJO|1058|31606147000153||125769733|2108900||RUA 27 DE MARCO|40||CENTRO|
|0150|5766|K CAMPOS DE SA-ME|1058|04674836000122||121847500|2109809||AV DUQUE DE CAXIAS|798||CENTRO|
|0150|5792|PAULO DO AMARAL DA SILVA|1058|20216361000187||124369685|2107506||AV 7|5||MAIOBAO|
|0150|5794|FRANCISCA CLEIDIANE ABREU MORAES|1058|27147307000176||125168799|2111201||AV DO LAR|0||PARQUE SAO SOJE|
|0150|5803|JOSE IRAN PEREIRA SOUSA|1058|14275774000130||123674140|2101707||7 DE SETEMBRO|0||CIDADE NOVA|
|0150|5829|C M DA LUZ RABELO|1058|22272376000198||124627021|2112803||DISTRITO POVOADO SAO PEDRO|1||ZONA RURAL|
|0150|5832|E A MOTO AUTO PECAS E SERVICOS LTDA EPP|1058|23352109000193||124759190|2111201||AV PRINCIPAL|92||SANTA EFIGENIA|
|0150|5835|RAIMUNDO FRANCISCO DE OLIVEIRA DA CONCEICAO|1058|11817063000151||123304466|2103208||AV ATALIBA VIEIRA DE ALMEIDA|2628||CENTRO|
|0150|5862|ARISON PEREIRA DE SOUSA|1058|21751957000140||124563597|2108603||AV PRINCIPAL|193||MARANHAO NOVO|
|0150|5869|HERNILDO NOGUEIRA SILVA|1058|19655198000170||124298885|2103125||MA 06|0||CENTRO|
|0150|5879|LOGUINT LOCACAO DE GUINDASTES E TRANSPORTES LTDA|1058|02257334000170||123117070|2111300||AV SANTOS DUMONT|80||ANIL|
|0150|5882|ANTONIO JOSE FEREIRA DE SOUSA 05110491000147|1058|05110491000147||122020740|2100550||RUA DO COMERCIO|390||CENTRO|
|0150|5926|JOSE RIBAMAR FREITAS FILHO|1058|19580361000182||124288529|2111300||AVENIDA CENTRO COMERCIAL|50||COHAB Anil II|
|0150|5973|ANTONIO CARLOS MEDEIROS|1058||59174552368||2111300||RUA 46, QD 149|14||SAO RAIMUNDO|
|0150|5975|AYANE SOUSA MESEZES DA SILVA|1058|24523085000150||124894054|2108058||RUA DEMETRIO RIBEIRO|53||CENTRO|
|0150|6004|NEIDE NUNES SILVA|1058|21682435000133||124555608|2106508||AV MAJOR HERACLITO|SN||CENTRO|
|0150|6018|REINALDO RIBAMAR DIAS PEREIRA|1058|21314017000193||124504671|2108603||RUA FREDERICO FERRAO|88||TRES MARIAS|
|0150|6022|WENDSON VIEIRA|1058|29307878000156||125494220|2103703||RUA DO SOL|145||AREIA BRANCA|
|0150|6025|TERCAM LOCACAO DE MAQUINAS E ASSISTENCIA MEC.LTDA|1058|63436414000188|||2111300||RUA SAO JORGE|458||Jardim SAo CristOvAo|
|0150|6034|JOSE AUGUSTO MOREIRA JUNIOR|1058|24535236000190||124895506|2111300||AVENIDA JOAQUIM MOCHEL|66||COHATRAC IV|
|0150|6057|MARIA ANTONIA OLIVEIRA DE AGUIAR|1058|19663569000165||124299768|2111508||AV PIQUI|440||PIQUI|
|0150|6058|J B CONSTRUCOES LTDA ME|1058|07544405000130||122218078|2108603||RUA DUQUE DE CAXIS|849||JOAO CASTELO|
|0150|6082|POSTO MATINHENSE LTDA|1058|03767675000159||121756920|2106508||EST MA 014|11||CENTRO|
|0150|6090|LUCIO HERBERTH OLIVEIRA|1058|21949062000114||124588220|2111300||AVENIDA DOS AFRICANOS|6||SACAVEM|
|0150|6095|ARENILTON BONIFACIO AMORIM-ME|1058|07822178000167|||2110500||RUA GOVERNADOR NEWTON BELO|1147||AEROPORTO|
|0150|6133|J L DOS SANTOS GARROS COMERCIO|1058|23508993000102||124776655|2111300||RUA ESTANHO|13||COROADO|
|0150|6142|SOUZA NUNES MATERIASIS DE CONSTRUCAO LTDA=ME|1058|22383366000120||124642276|2100154||RUA MANUEL PEREIRA|440||CANA BRAVA|
|0150|6164|ELICARROS CENTRO AUTOMOTIVO EIRELI-ME|1058|21829915000184||124572022|2111300||AVENIDA DOS HOLANDESES|9||OLHO D AGUA|
|0150|6194|VILELA CONSTRUCOES LTDA|1058|07354841000146||122286464|2111300||RUA ENTRADA PARQUE ATHENAS|10||PARQUE ATHENAS|
|0150|6224|MAURICIO ALVES SILVA|1058|15048708000190||123782970|2113009||AV JOAQUIM PINTO|143||CENTRO|
|0150|6225|DEUSILENE OLIVEIRA MENDONCA|1058|12415172000105||123406404|2104677||RUA DO BECO|147||CENTRO|
|0150|6234|RANNIERI SOARES LIMA|1058|28089016000131||125326416|2111300||RUA PERICUMA|12||JARDIM RENASCENCA|
|0150|6246|AUTO ESCOLA SAO LUIS-ME|1058|12751656000125|||2111300||AVENIDA TALES NETO|1||JOAO DE DEUS|
|0150|6248|GENILSON SOUZA COSTA|1058|28074788000108||125326076|2111201||RUA DO FIO|4||COHABIANO|
|0150|6250|A SOUSA OLIVEIRA|1058|23853673000190||124814530|2109908||AV CASTELO BRANCO|2525||CENTRO|
|0150|6252|JOSE FRANCISCO DOS SANTOS REIS|1058|63415376000187||121135721|2101707||RUA SIQUEIRA CAMPOS|116||CENTRO|
|0150|6255|AMAPA MOTO PE큐S EIRELI|1058|19150178000147||124230792|2100550||AV TANCREDO NEVES|SN||CENTRO|
|0150|6256|MARCOS RONILSON S DUTRA|1058|27685498000120||125243731|2111201||MA 201 KM 27|10||VILA ROSEANA|
|0150|6271|RAFAEL SOARES PEREIRA|1058|28532955000109||125387997|2111300||RUA JOAO ALBERTO|32||VILA LOBAO|
|0150|6300|M DE J V PINTO ME|1058|00549922000152||121426530|2111300||AV FRANCESES|40||VILA PALMEIRA|
|0150|6302|RP COMERCIO DE VEICULOS LTDA|1058|21277646000190||124499392|2111300||RUA CARCARAS|6||OLHO D AGUA|
|0150|6312|DAVID DO NASCIMENTO TEXEIRA|1058|24592346000194||124902910|2111300||AVENIDA DOS AFRICANOS|151||SACAVEM|
|0150|6313|ANTONIO MACIEL SERVICOS-ME|1058|22937641000100||124712851|2112902||ROD MA 014|31||ALTO SAO FRANCISCO|
|0150|6319|KLAUS MAKELLA BRANDAO DE OLIVEIRA|1058|86834025000106||124152244|2111300||RUA EPITACIO CAFETEIRA|451||JARDIM SAO CRISTOVAO|
|0150|6340|CARLA PASSOS DE ARAUJO|1058|18988665000110||124209157|2111300||AV BRASIL|13||CIDADE OLIMPICA|
|0150|6344|RONALDO RODRIGUES DE BRITO|1058|13710354000171||123589037|2111508||RUA DA GRANJA|323||VAQUEJADA|
|0150|6360|RONILSON SOARES LISBOA-ME|1058|08388561000111||122312880|2101707||AV DA RODOVIARIA|174||CANEQUINHO|
|0150|6376|LOCAUTO RENT A CAR LOCA츒 DE VEICULOS LTDA|1058|08221693000154|||2111300||RUA DOS LIRIOS|8||JARDIM ALVORADA|
|0150|6377|M DAS G GONCALVES LEAL-ME|1058|21398804000160||124515371|2111300||AV DANIEL DE LA TOUCHE|45B||MARANHAO NOVO|
|0150|6381|I D CAMPOS -ME|1058|26186672000127||125049226|2111706||ESTRADA MA  014|22||CASA GRANDE|
|0150|6400|SOUSA E ANJOS LTDA-ME|1058|10345988000184||124712215|2106326||RUA DAVID DE SOUSA|216||CENTRO|
|0150|6403|F S SANTOS-OFIPECAS-ME|1058|27257621000101||125183968|2106326||AV DAYSE DE SOUSA|408||CENTRO|
|0150|6413|VALCI FREIRES MOURAO DO VALE|1058|18069167000174||124089160|2105708||RUA MENDES FONSECA|178||CENTRO|
|0150|6414|GABRIEL FELLIPE NERES CARNEIRO|1058|28413975000160||125371110|2104008||RUA OZIEL MIRANDA|556||CENTRO|
|0150|6424|MARIA DAILMA NUNES|1058|15310276000143||123816610|2111300||RUA DOUTOR HENRIQUE|22||TIRIRICAL|
|0150|6427|F SOARES SOUSA-ME|1058|17169427000110||123963460|2105963||AV WILSON SILVA SOUSA|0||CENTRO|
|0150|6434|H R P BOTELHO DE VERAS|1058|27886955000144||125296827|2112803||RODOVIA MA, KM 14|38||CITEL|
|0150|6435|J R V  MORAIS|1058|18169542000158||124101992|2108306||RUA SATURNINO BELO|285||CENTRO|
|0150|6457|IVAN RODRIGUES COSTA|1058|28939488000136||125445253|2111201||ESTRADA DE RIBAMAR|134|KM 08 LOJA A|VILA SARNEY FILHO|
|0150|6466|MARIA ZULENE LIMA DA SILVA|1058|22806864000138||124697461|2105708||RUA JOSE ALVES DA PENHA|14||VILA SALES|
|0150|6467|I L SILVA COMERCIO E SERVI큞S LTDA|1058|25398807000155||125021054|2106805||RUA DEPUTADO JOAO HENRIQUE|19||CENTRO|
|0150|6477|M A DA COSTA ESTRELA|1058|02587101000136||124203310|2100907||ESTRADA DO MUCAMBO VELHO|79||POV SAO PAULO|
|0150|6485|SIDNEY BARROS AZEVEDO|1058|23168532000138||124739148|2102507||TRAVESSA MARCELINO FURTADO|S/N||CENTRO|
|0150|6509|V L C DE OLIVEIRA COMERCIO-ME|1058|28934068000167||125444605|2111300||AVENIDA CONTORNO LESTE OESTE|43||COHATRAC II|
|0150|6514|JOAO FRANCISCO DE SOUSA FILHO|1058||09528083315||2111300||RUA AUXILIAR II|19||COHAJAP|
|0150|6525|FRANCISCO ANTONIO RIBEIRO CARVALHO|1058|16679105000159||123903394|2103703||RUA RIO BRANCO|350||ARMAZEM|
|0150|6528|DIOLENE SILVA ROCHA|1058|21000412000100||124465820|2109809||RUA DUQUE DE CAXIAS|0||CENTRO|
|0150|6529|A SANTOS PONTES - ME|1058|21370061000110||124511880|2110609||RUA BERNADO LIMA|1916||CENTRO|
|0150|6537|J DE LIMA LISBOA-ME|1058|21265273000138||124498213|2108603||AV WASHIGTON LUIS|0||FOMENTO|
|0150|6538|EVALDO SA FERREIRA|1058|20249681000133||124373801|2101905||RUA FRANCISCO C RODRIGUES|100||C NOVA|
|0150|6541|SOCIEDADE INDUSTRIAL E COMERCIAL LTDA|1058|05114318000117||124597670|2111300||AVENIDA GUAJAJARAS|300||JARDIM SAO CRISTOVAO|
|0150|6546|DIEGO DE JESUS DE ABREU SILVA|1058|30006741000140||125581327|2111300||RUA 2|18||CIDADE OPERARIA|
|0150|6549|GILMAR L DE O VIANA|1058|23316729000177||124755380|2109601||RUA GENERAL LOTT|2751||CENTRO|
|0150|6552|GEOVANILDO GOMES MARTINS|1058|22892631000103||124708692|2107100||RUA DO PASSEIO|0||CENTRO|
|0150|6554|RAFAEL MUNIZ DE ANDRADE|1058|18674910000115||124166776|2102507||RUA SENADOR VITORINO FREIRE|0||CENTRO|
|0150|6558|EDUARDO GOMES COSTA|1058|27780927000148||125283601|2111003||RUA NOVA|87||CENTRO|
|0150|6560|WIL ROBSON PECAS E SERVICOS AUTOMOTIVOS LTDA|1058|09405472000107||122562518|2111300||RUA DO PROGRESSO|36||VILA PALMEIRA|
|0150|6575|ALCINO ARAUJO REIS|1058|29267980000175||125489870|2100204||AV ANEL DE CONTORNO|200||CENTRO|
|0150|6587|WAGNER HELENO FERREIRA LEITE|1058|22056773000122||124600549|2109809||AV DUQUE DE CAXIAS|105||CENTRO|
|0150|6606|ERICA HENRIQUE COSTA|1058||26953176000151||2110203||RUA SAO LUIS|4022||CENTRO|
|0150|6613|CLENILDE GOMES COSTA|1058|26745806000100||125113250|2102507||TRAVESSA MACELINO FURTADO|0||TAMACAO|
|0150|6640|SUSYANNE DE PAULA DA SILVA|1058|27269464000154||125185715|2111300||AVENIDA GUAXENDUBA|1532||CENTRO|
|0150|6641|ALMEIDA COMERCIO E SERVICOS LTDA|1058|08650858000103||122345444|2109452||EST BR MA 203|3||PIRAMIDE|
|0150|6648|REVISA CAR SERVICE LTDA|1058|02415260000153||125363435|2111300||AVENIDA DANIEL DE LA TOUCHE|200||VILA VICENTE FIALHO|
|0150|6661|ROSIANE COSTA ROCHA GARCIA|1058|27992555000113||125312890|2101707||RUA BOM JESUS|0||CIDADE NOVA|
|0150|6669|P R P GASPAR E CIA LTDA - ME|1058|07256080000190||122181859|2111300||AVENIDA GUAJAJARAS|60||JARDIM SAO CRISTOVAO|
|0150|6672|NEILTON SERRA ALVES -ME|1058|17032620000105||123945780|2107456||RUA PRINCIPAL|0||GAMELEIRA|
|0150|6673|RICO AUTO PECAS LTDA|1058|63408256000152||121182029|2111300||AV VITORINO FREIRE|1||AREINHA|
|0150|6677|BR LOCACOES E TRANSPORTE LTDA|1058|18449308000184||124137776|2111201||RUA 29|9||ALTO DO TURU|
|0150|6684|F. F. COMERCIO DE PECAS E ACESSORIOS LTDA|1058|20136317000167||124359086|2111300||RUA CONEGO RIBAMAR CARVALHO|74||JARDIM SAO CRISTOVAO|
|0150|6692|JOSUE COSTA SILVA-ME|1058|06094293000108||124756573|2106805||RUA SEVERO CAPRISTANO FERREIRA|0||CENTRO|
|0150|6694|H S PINTO DE SOUSA PECAS E SERVICOS|1058|19988177000176||124339131|2103158||RUA DO COMERCIO|0||CENTRO|
|0150|6699|SILVIO CESAR CRUZ ROCHA JUNIOR|1058||02736153359||2111300||AVENIDA EDSON BRANDAO|S/N||CUTIM ANIL|
|0150|6703|R DOS SANTOS ARAUJO|1058|22718862000197||124687920|2111300||RUA RIO PARNAIBA|31||GENIPARANA|
|0150|6707|S C PEREIRA EIRELI|1058|11425796000140||123245346|2101251||AV JOSE DA SILVA CALVET|10||CENTRO|
|0150|6718|JOSE SOUSA VIEIRA|1058|12345595000104||123397162|2103158||RUA DO COMERCIO|417||CENTRO|
|0150|6722|JULIO CEZAR DOMINGOS|1058|19350400000155||124257844|2101970||AV ROSEANA SARNEY|54||CENTRO|
|0150|6730|F R DOS SANTOS EIRELLI|1058|30957539000102||125706367|2114007||AV MILITAR|60||VILA DO BEEK|
|0150|6749|DIONATO RODRIGUES ALVES|1058|22253985000108||124625533|2111300||RUA 07|01|CASA 01|CIDADE OLIMPICA|
|0150|6750|F F DE OLIVEIRA|1058|29457879000187||125511817|2102200||RUA ANTONIO PEREIRA MOUR츒|7||CENTRO|
|0150|6757|FRANCISCO DA SILVA|1058|21974003000104||124590845|2103406||AV COELHO NETO|75||BELA VISTA|
|0150|6780|IDAIANA VIANA DE ARAUJO|1058|29499943000192||125518455|2103703||RUA GETULIO VARGAS|77||CENTRO|
|0150|6787|J C TROMPS BORGES|1058|14535265000107||123710448|2106201||AV NEWTON BELO|16||PORTO|
|0150|6788|POLLIANNA V VERAS E  SERVICOS|1058|13943539000126||123623154|2111300||RUA 27|02|QD 59|JARDIM S츒 CRISTOV츒|
|0150|6791|LUCAS GABRIEL ALBURQUERQUE SILVA MENDES|1058|34136154000127||126083770|2112902||RUA MAJOR CUTRIM|SN||CENTRO|
|0150|6798|ANTONIO MARIA DA SILVA|1058||34666532315||2111300||RUA IMPERATRIZ|01|BL 2;AP 603|QUINTAS DO CALHAU|
|0150|6818|LEANDRO DE JESUS SILVA DULTRA|1058|31794071000137||125791097|2100709||AV JO츒 PEREIRA DE ARAG츒|115|CASA|CENTRO|
|0150|6819|F DE J F PENHA ME|1058|22494657000195||124656323|2111003||AV PRINCIPAL|10||POV MARAVILHA|
|0150|6826|M V SILVA SANTOS|1058|04361430000190||121840646|2105005||RUA IRENEU SANTOS|SN||CENTRO|
|0150|6833|RAIMUNDO NONATO DINIZ SOUSA|1058|16624485000124||123897505|2106409||AV ERAN ALMEIDA|1406||CENTRO|
|0150|6834|J M P MOREIRA - ME|1058|11776499000140||127124152|2107605||PCA DE SANTO ANTONIO|23||CENTRO|
|0150|6838|MARAMALDO AUTO PE큐S LTDA|1058|30851508000164||125689780|2111300||AV BRASIL|13|ANEXO A/A|VICENTE FIALHO|
|0150|6844|J C C DE SOUZA ME|1058|21692164000105||124556981|2111300||RUA 10|07|CONJ PENALVA|JARDIM S츒 CRISTOV츒 II|
|0150|6846|MARCELO A COSTA|1058|10421001000163||123081980|2111201||RUA 12|45|LOTE 0;QD 30|VILAGIO DO COHATRAC V|
|0150|6854|COMERCIAL MILENA LTDA|1058|07195788000188||122173929|2100832||RUA PRINCIPAL|54||CENTRO|
|0150|6858|TACILDO LICA SANTOS|1058||96931078372||2110203||RUA CASTELO BRANCO|267||CENTRO|
|0150|6862|M N MARTINS EIRELI|1058|24707383000109||125471548|2106755||RUA B|14|QD 12|NOVA MIRANDA|
|0150|6864|ROLIM츒 ROLAMENTOS INDUSTRIAIS DO MARANH츒 LTDA|1058|07514425000168||120892430|2111300||AV GUAJAJARAS|1501||S츒 BERNARDO|
|0150|6866|J. R. PINHO RABELO|1058|26766827000102||125115954|2109205||RUA CONSTANTINO GEOGIANO RABELO|06|LETRA A|CENTRO|
|0150|6867|FRANCISCO DAS C DA SILVA FILHO|1058|02435237000120||121638014|2111300||AVENIDA BRASIL|10||VICENTE FIALHO|
|0150|6874|AUTO PE큐S LARANJAL LTDA|1058|32710920000190||125904088|2107506||ESTRADA DE RIBAMAR|3|LOJA 05|UBATUBA LARANJAL|
|0150|6880|CLEDEAN BARROS COSTA|1058|29541870000150||125526113|2112803||RUA ANTONIO SERAFIM|1176||SUBESTA츒|
|0150|6893|EDNALDO SANTOS ALVES|1058|28408319000170||125370172|2101905||RUA PRIMEIRO DE MAIO|S/N||CIDADE NOVA|
|0150|6894|AUTO CENTER CLASSE A LTDA|1058|30758506000125||125679076|2111300||AV. CONTORNO CASTELAO|27||OUTEIRO DA CRUZ|
|0150|6898|PAULO SERGIO NEVES ALVES|1058|15677666000156||123859450|2111201||RUA LIBERDADE|810||OLHO D AGUA|
|0150|6899|JOSE RIBAMAR BARROS LOPES|1058||66643910315||2100709||RUA VALTRUDES MARINHO DE PAULA|56||CENTRO|
|0150|6915|V G AUTOPE큐S LTDA-ME|1058|32905056000181||125922698|2111300||AVENIDA GUAXENDUBA|1643||CENTRO|
|0150|6923|VALDECI GOMES MIRANDA|1058|27487861000100||125223625|2103000||RUA PAULO AFONSO|635||REFINARIA|
|0150|6924|SEBASTI츒 SAMUEL CHAVES FROTA|1058|20555649000186||124413250|2103703||RUA DOM PEDRO|229||CEARA|
|0150|6925|MARCILON BERGAMO|1058|27820157000110||125288883|2111300||RUA S츒 SEBASTI츒|8||SANTO ANTONIO|
|0150|6927|CRISTOV츒 JEFFERSON SILVA FERREIRA|1058|31864050000140||125801203|2102903||RUA PRIMEIRO DE JANEIRO|S/N||CENTRO|
|0150|6931|CLAUDIA NAIARA FONSECA RODRIGUES|1058|33143101000170||125945752|2108603||AV WOSHINTON LUIS|1898||ALCANTARA|
|0150|6934|TRANSPORTE PREMIUM LTDA|1058|10544341000181||123102936|2111201||RUA B|19|LOTE SARAMANTA|MAIOBINHA|
|0150|6937|F. DE L CONCEI츒 - ME|1058|26228779000190||125053282|2111508||RUA DA GRANJA|11||VAQUEJADA|
|0150|6940|ANTONIO MARCIO SOUSA DINIZ|1058||76332250330||2111300||RUA PAULO FONTINI|407||MONTE CASTELO|
|0150|6947|STOP CAR PNEUS E ACESSORIOS|1058|27932444000111||125302231|2111300||AV JOSE SARNEY|236||JARDIM S츒 CRISTOVAO|
|0150|6949|ANTONIO MARCOS DA SILVA PINHEIRO|1058|14496655000107||123704871|2111672||RODOVIA MA 012|SN||CENTRO|
|0150|6952|LUCAS SOUSA DA SILVA|1058|28654506000133||125410816|2108900||RUA ALTO BRILHANTE|21||CENTRO|
|0150|6962|LUIS MARCIO VIEGAS SILVA|1058|30745181000146||125677650|2108603||AV WASHIGTON LUIS|39||FOMENTO|
|0150|6963|ANTONIO CARLOS MENDES MARTINS|1058|32303591000162||125856130|2106755||AVENIDA BRASIL|16|A|CENTRO|
|0150|6971|E. FONSECA FERREIRA COMERCIO -ME|1058|03355727000180||125109881|2111300||TRAVESSA BOA ESPERAN큐|20||FATIMA|
|0150|6978|R. V. NASCIMENTO|1058|09630016000152||122796578|2111300||AVENIDA ENGENHEIRO EMILIANO MACIEIRA, KM 05|109|VILA ESPERAN큐|TIBIRI|
|0150|6979|N R RIBEIRO FERREIRA EIRELI|1058|33433805000188||125978332|2106805||RUA SOUSANDRADE|16||CENTRO|
|0150|6980|L J DE ALMEIDA SANTOS - ME|1058|24689878000144||124914756|2112209||AVENIDA FRANCISCO CARLOS JANSEN|2167||PARQUE UNI츒|
|0150|6981|DILSON FERREIRA CORDEIRO|1058|33201251000193||125954077|2110203||TRAVESSA BANDEIRANTE|53||CENTRO|
|0150|6983|VALDECINO NASCIMENTO COSTA|1058|19202067000137||124237428|2109908||RUA 28 DE NOVEMBRO|SN||SANTO ANTONIO|
|0150|6993|L XAVIER PINHEIRO - ME|1058|23106256000183||124732577|2111300||ESTRADA DA , LOJA 1A|1|REC DOS SIGNOS|MAIOBINHA|
|0150|6995|IVAMACIA OLIVEIRA LIMA SARAIVA|1058|29534384000104||125522444|2106326||ROD BR 316 KM 54|54||CENTRO|
|0150|6996|MOTO AUTO PE큐S E SERVI큞S|1058|33140246000118||125945027|2112902||RODOVIA BR 222|35||CENTRO|
|0150|7001|GEYSA CRISTINA COSTA DE SOUSA|1058|30203570000140||125601182|2107506||AVENIDA 04|24||MAIOB츒|
|0150|7011|ANA ERICA FEITOSA RIBEIRO|1058|30731861000100||125674279|2103307||AV CRISTOVAO COLOMBO|1011||SAO RAIMUNDO|
|0150|7019|ANDRE TRINDADE VIEIRA JUNIOR|1058|28013855000176||125314833|2111300||AVENIDA JORGE DAMAUS|38||VILA IVAR SALDANHA|
|0150|7033|CRISTIANO RODRIGUES DE SOUSA|1058|28137799000181||125330928|2100436||AV RODOVIARIA|403||CENTRO|
|0150|7047|JOSE DE RIBAMAR LOPES MONTEIRO|1058|33729822000167||126029709|2100832||RUA CABECEIRA|SN||CABECEIRA|
|0150|7049|F OLIVEIRA DE CASTRO|1058|30431285000186||125623577|2109908||RUA  JOSE BONIFACIO|SN||SABAK|
|0150|7060|THAINARA ALMEIDA DA SILVA|1058|30560150000110||125636628|2111300||RUA DOM PEDRO II|50||BAIRRO DE FATIMA|
|0150|7072|FOX MOTOS LTDA|1058|17886602000190||124066356|2111300||AV JERONIMO DE ALBUQUERQUE|4||VINHAIS|
|0150|7085|ARTUR BEIJAMIM LINS CALDAS-ME|1058|33649242000160||126012202|2111300||RUA BOA ESPERAN큐|20||TURU|
|0150|7095|REGINALDO DA CONCEI츒 NATIVIDADE|1058|30919142000118||125702892|2112704||AV CASTELO BRANCO|8||CENTRO|
|0150|7099|V C DE ANDRADE|1058|34342218000146||126105510|2103901||RUA CHICO RITA|217A||CENTRO|
|0150|7102|ANSELMO TINOCO MARTINS|1058||60005438322||2111300||RUA 51 QD 47 CASA|32B||BEQUIM츒|
|0150|7105|J A DOS SANTOS SERVI큞S ME|1058|17160832000178||123962021|2101301||AV 7 DE SETEMBRO|255||CENTRO|
|0150|7117|ROSEANE GOMES FRAKLIN|1058|34571469000100||126133999|2111300||AV TALES NETO|124||JOAO DE DEUS|
|0150|7120|MARCELO DE SOUSA DA SILVA|1058|19594749000132||124290795|2103158||RUA SAO MIGUEL|4||SAO MIGUEL|
|0150|7126|RAYSSA DOS SANTOS|1058|27752458000153||125253273|2107456||POVOADO SOROCABA|SN||SOROCABA|
|0150|7136|S M BARBOSA E SOUSA COMERCIO E SERVI큞S -ME|1058|17587084000104||124028470|2111300||RUA SANTO ANTONIO|19||VILA ESPERAN큐|
|0150|7142|JO츒 PEREIRA DA SILVA|1058|31408964000105||125749180|2111300||AVENIDA PARAISO|8||RESIDENCIAL PARAISO|
|0150|7143|JOSIEL PEREIRA LIMA|1058||01252016301||2111300||RUA 1|01|DQ 6|PLANALTO PING츒|
|0150|7150|S P AUTO PE큐S EIRELLI|1058|24273886000105||124864678|2111300||AV ENGENHEIRO EMILIANO MACIEIRA|19||MARACAN츺
|0150|7154|J M GON큐LVES COMERCIO, TRANSPORTE & LOCA츒|1058|08808506000133||122362748|2111300||AVENIDA ENGENHEIRO EMILIANO|102|BR 135|MARACAN츺
|0150|7159|MARINETE SILVA SUSA|1058||00660961385||2109452||RUA S츒 JOSE|61||VILA NOVA|
|0150|7160|F REIS SILVA|1058|07064173000112||123652375|2111300||RUA 7|12||ANGELIM|
|0150|7161|WELLIGTON NEVES ALVES|1058|24571191000100||124900763|2110203||AV GENERAL RIVAS|SN||CENTRO|
|0150|7162|ANTONIO CHARLES M. COSTA|1058||49480227304||2111300||RUA S츒 FRANCISCO|166||S츒 BERNARDO|
|0150|7163|DINO CESAR RIBEIRO PIRES|1058|32029226000101||125826249|2100204||RUA MURICIZAL|0|BR 106|MURICIZAL|
|0150|7164|RAQUEL DE SOUSA OLIVEIRA|1058|33095503000147||125940769|2113009||RUA  DE SETEMBRO|179||CENTRO|
|0150|7165|MARCIO GREISSON PEREIRA MARQUES DE OLIVEIRA|1058|18446557000116||124136630|2111201||AV PLANALTO|5|A|PLANALTO TURU|
|0150|7166|ERNANIL DIAS DE BRITO|1058|26825007000136||125129432|2104677||RUA DA TELMA|242||CENTRO|
|0150|7167|ISRAEL PEREIRA MENDON큐 FILHO|1058||06961416390||2111300||RUA SANTA BARBARA|25||S츒 BERNARDO|
|0150|7169|WERLLISON OLIVEIRA DOS SANTOS|1058|32385060000166||125875568|2111300||AV  JOAO ALBERTO|34||VILA LUIZ츒|
|0150|7170|JOSE ORLANDO DA CONCEI츒|1058||03265319393||2111300||AV CASCAVEL|34|A|VILA CASCAVEL|
|0150|7171|O ABEN큞ADO CONSTRU큞ES EIRELI|1058|31484027000120||125757352|2112803||RUA ANTONIO SERAFIM|970||SUBESTA츒|
|0150|7172|FRANCISCO DAS CHAGAS COELHO|1058||59864680820||2111300||RUA 20|4|QD Q|COHASERMA|
|0150|7173|SEBASTI츒 SOUZA DA SILVA FILHO|1058||22464450359||2111300||RUA DO JORNALISMO|13|QD 14|COHAFUMA|
|0150|7174|S DA CRUZ PEREIRA FILHO|1058|11400469000134||123241685|2111300||AV JOAO PESSOA|303|C|JOAO PAULO|
|0150|7175|NEANDRO PIMENTA DE ARAUJO|1058||00380533308||2111300||RUA 16|20|QD 28|COHATRAC IV|
|0150|7176|ETSURO KIMURA|1058||79087078900||2111300||RUA 7|10|QD 05|VILA MARANH츒|
|0150|7177|C CORDEIRO DOS SANTOS-ME|1058|27769410000158||125254563|2111201||ESTRADA DE RIBAMAR|17||VILA MARAPOIA|
|0150|7178|JUDSON CARLOS RAMOS PRAZERES|1058||48965642353||2107506||RUA100|5A|QD 55|MAIOB츒|
|0150|7180|ANTONIO TEIXEIRA DA COSTA|1058||28858700368||2111300||RUA S츒 MIGUEL|13||MARACAN츺
|0150|7181|CARLOS CELSO DE A. CASTRO ALVES JUNIOR|1058||01294979329||2107506||RUA DOS SAPUTIS|15|DQ 23|RESIDENCIAL AMARAL DE MATOS|
|0150|7182|FAUSTINO ARAUJO|1058||27773922268||2107506||AVENIDA CARAJAS|7|QD 03|MAIOB츒|
|0150|7183|BRUNO HENRIQUE PEREIRA|1058||85421758320||2111201||RUA ALAMEIDA SAILANDIA|65||JARDIM TROPICAL I|
|0150|7184|ALUSIO COSTA CARVALHO FILHO|1058|29441429000104||125509936|2102101||TV GON큐LVES DIAS|SN||CENTRO|
|0150|7185|JOSE ANTONIO SILVA BASTOS|1058|33789779000125||126038562|2106508||ESTRADA DO PEIXE|54||POVOADO|
|0150|7186|PEDRO LUIZ VIEIRA PINHEIRO|1058|34053498000172||126074178|2111508||AV ANTONIO PEREIRA ARAG츒|234||CENTRO|
|0150|7187|REGIANE APARECIDA DOS SANTOS|1058|18840000000165||124188206|2106003||RUA TOMAZ FELIZ|95||CENTRO|
|0150|7188|MARIA JOSE CAMPOS DE A. TEXEIRA|1058|32620787000180||125895062|2103406||RUA AFONSO BACELAR|59||CENTRO|
|0150|7189|FRANCISCO WILLAMIS ALVESDE MOURA|1058||94057524304||2111300||AV GUAJAJARAS|416||FORQUILIA|
|0150|7190|LUDIMAR GUIMARAES RAMALHO|1058||13770373634||2111201||RUA SIOGE|22||MAIOBA|
|0150|7191|LUCAS DE OLIVEIRA LIMA|1058||05458438396||2111300||RUA DO MURO|34||VILA CASCAVEL|
|0150|7192|ANTONIO DOMINGOS DA CONCEI츒|1058|23931963000104||124826792|2103406||RUA ANTONIO GUIMARAES|SN||CENTRO|
|0150|7193|NATANAEL OLIVEIRA COSTA|1058||01188189379||2111300||RUA 1|19|QD 01|S츒 RAIMUNDO|
|0150|7194|A. A. S DA CONCEI츒|1058|34648283000102||126145741|2106755||AV DO COMERCIO|321||CENTRO|
|0150|7195|EDENILSON COSTA LEITE NOGUEIRA|1058|25361506000157||125018401|2107605||RUA PRINCIPAL|SN||ZONA RURAL|
|0150|7196|FRANCISCO DE ASSIS DOS SANTOS|1058|16769062000100||123914043|2111300||AVENIDA DOS AFRICANOS|414||SACAVEM|
|0150|6060|DISTRIBUIDORA DE BATERIAS PIONEIRO LTDA|1058|24662377000255|||2105302||RODOVIA BR-010|335||ENTRONCAMENTO|
|0150|6440|B & B EMPREEDIMENTOS LTDA - ME|1058|27141245000195||125167261|2111300||RUA CORONEL ABILIO|225||TIRIRICAL|
|0150|6975|HOTEL METALCO III|1058|31424343000107||125750625|2105708||AV RAIMUNDO DA SILVA BARROS|QD 41||SERRA DOURADA|
|0190|UN|UNIDADE|
|0190|UND|UNIDADE|
|0200|001|BATERIAS USADAS PARA RECICLAGEM|||UN|99|85481010||||18||
|0200|18|DESPSESAS COM HOSPEDAGENS|||UN|07|00000000||||18||
|0200|54|BTC29103 BIELETA DIANT DIRESQ  COF|||UN|07|87089990||||18||
|0200|55|ABRACADEIRA S FIM E MASTER|||UN|07|73269090||||18||
|0200|56|12972C1 LAMP AUTO H7 12972 STD 12V 55W UN  PHI|||UN|07|85392110||||18||
|0200|57|POLIA VIRABREQUIM MASTER 2.3 13 16V|||UN|07|84835010||||18||
|0200|58|POLIA ALT. MASTER 2.5|||UN|07|84835090||||18||
|0200|8001|ACUM ELET MBR 5BS|||UN|00|85071090||||18|0105300|
|0220|UND|1,000000|
|0200|8003|ACUM ELET MBR 7BS|||UN|00|85071090||||18|0105300|
|0220|UND|1,000000|
|0200|8008|ACUM ELET MBR 6BS|||UN|00|85071090||||18|0105300|
|0220|UND|1,000000|
|0200|8020|ACUM ELET MBR 10BS|||UN|00|85071090||||18|0105300|
|0220|UND|1,000000|
|0200|8025|ACUM ELET MBR 14BS|||UN|00|85071090||||18|0105300|
|0220|UND|1,000000|
|0200|8026|ACUM ELET MBR 9AYS|||UN|00|85071090||||18|0105300|
|0220|UND|1,000000|
|0200|8060|ACUM ELET ALF2 PIONEIRO TECH|||UN|00|85071090||||18|0105300|
|0200|8061|ACUM ELET 7F2 PIONEIRO TECH|||UN|00|85071090||||18|0105300|
|0200|8062|ACUM ELET 9F2 PIONEIRO TECH|||UN|00|85071090||||18|0105300|
|0200|B0006|ACUM ELET B150DG PIONEIRO|||UN|00|85071090||||18|0105300|
|0220|UND|1,000000|
|0200|B0168|ACUM ELET B150DX PIONEIRO|||UN|00|85071090||||18|0105300|
|0200|B0169|ACUM ELET B180D PIONEIRO|||UN|00|85071090||||18|0105300|
|0220|UND|1,000000|
|0200|B0170|ACUM ELET B180EX PIONEIRO|||UN|00|85071090||||18|0105300|
|0220|UND|1,000000|
|0200|B0273|ACUM ELET B110E PIONEIRO|||UN|00|85071090||||18|0105300|
|0220|UND|1,000000|
|0200|B0302|ACUM. ELET. B225PE PIONEIRO|||UN|00|85071090||||18|0105300|
|0220|UND|1,000000|
|0200|B0356|ACUM ELET B150DN PIONEIRO|||UN|00|85071090||||18|0105300|
|0200|B0357|ACUM ELET B100EP PIONEIRO|||UN|00|85071090||||18|0105300|
|0220|UND|1,000000|
|0200|F0008|ACUM ELET F50D PIONEIRO|||UN|00|85071090||||18|0105300|
|0220|UND|1,000000|
|0200|F0012|ACUM ELET F60DG PIONEIRO|||UN|00|85071090||||18|0105300|
|0220|UND|1,000000|
|0200|F0016|ACUM ELET F70D PIONEIRO|||UN|00|85071090||||18|0105300|
|0220|UND|1,000000|
|0200|F0018|ACUM ELET F70DG PIONEIRO|||UN|00|85071090||||18|0105300|
|0220|UND|1,000000|
|0200|F0022|ACUM ELET F75HD PIONEIRO|||UN|00|85071090||||18|0105300|
|0220|UND|1,000000|
|0200|F0188|ACUM ELET F60D PIONEIRO|||UN|00|85071090||||18|0105300|
|0220|UND|1,000000|
|0200|F0194|ACUM ELET F60DX PIONEIRO|||UN|00|85071090||||18|0105300|
|0220|UND|1,000000|
|0200|F0436|ACUM ELET F45D PIONEIRO|||UN|00|85071090||||18|0105300|
|0220|UND|1,000000|
|0200|F0437|ACUM ELET F48GD PIONEIRO|||UN|00|85071090||||18|0105300|
|0220|UND|1,000000|
|0200|F0829|ACUM ELET F60DN PIONEIRO|||UN|00|85071090||||18|0105300|
|0220|UND|1,000000|
|0200|F0888|ACUM ELET F52GD  PIONEIRO|||UN|00|85071090||||18|0105300|
|0220|UND|1,000000|
|0200|F0890|ACUM ELET F65GD PIONEIRO|||UN|00|85071090||||18|0105300|
|0200|F1088|ACUM. ELET. F45DN ONBAT|||UN|99|85071090||||18|0105300|
|0200|F1097|ACUM ELET F100DS PIONEIRO|||UN|00|85071090||||18|0105300|
|0220|UND|1,000000|
|0200|F1099|ACUM ELET F52DC PIONEIRO|||UN|00|85071090||||18|0105300|
|0220|UND|1,000000|
|0200|F1101|ACUM ELET F75PD PIONEIRO|||UN|00|85071090||||18|0105300|
|0220|UND|1,000000|
|0200|F1104|ACUM ELET F75HE PIONEIRO|||UN|00|85071090||||18|0105300|
|0200|F1105|ACUM ELET F90CD PIONEIRO|||UN|00|85071090||||18|0105300|
|0220|UND|1,000000|
|0200|F1106|ACUM ELET F90CE PIONEIRO|||UN|00|85071090||||18|0105300|
|0220|UND|1,000000|
|0200|F1267|ACUM. ELET. F42DFB PIONEIRO|||UN|00|85071090||||18|0105300|
|0220|UND|1,000000|
|0200|F1281|ACUM. ELET. EFB72D PIONEIRO|||UN|00|85071090||||18|0105300|
|0220|UND|1,000000|
|0200|TBS20012|TESTADOR DE BATERIA|||UN|00|90303990||||18|2111900|
|0400|5104|VENDA FORA DO ESTABELECIMENTO|
|0400|5405|VENDA|
|0400|5904|REMESSA PARA VENDA FORA DO ESTABELECIMENTO|
|0400|5910|BONIFICACAO|
|0400|6915|REMESSA MERCADORIA OU BEM PARA CONSERTO OU REPARO|
|0400|6949|SAIDA SUCATA|
|0400|1.403|COMPRA PARA COMERCIALIZACAO|
|0400|1556|COMPRA DE MATERIAL USO E CONSUMO|
|0400|1904|RETORNO DE REMESSA PARA VENDA FORA DO ESTABELECIME|
|0400|2949G|ENTRADA DE GARANTIA|
|0400|5910|BONIFICACAO|
|0450|000040|VEICULO: MERCEDES-BENZ - SPRINTER - 515 CHASSI E. L. 2.2 DIESEL - 2018- 2018 PLACA: PTA 4632 KM 50.469 OS 0000125-00|
|0450|000041|Retorno de remessa referente a(as) NF-E(s) numero:19250|
|0450|000043|DECLARAMOS QUE OS PRODUTOS PERIGOSOS ESTAO ADEQUADAMENTE CLASSIFICADOS, EMBALADOS, IDENTIFICADOS, E ESTIVADOS PARA SUPORTAR OS RISCOS DAS OPERACOES DE TRANSPORTE E QUE ATENDEM AS EXIGENCIAS DA REGULAMENTACAO PEDIDO N MM01343 CLIENTE  11393 ANEXO 4.41 DO RICMS MA. PIS COFINS REGIME MONOFASICO RESP.  FABRICANTE LEI. NR. 10.485 2002  ONU 2794 - N DE RISCO 80 - CLASSE 8 - SUBSTANCIA CORROSIVA - GRUPO DE EMBALAGEM: N.A.  BATERIAS ELETRICAS UMIDAS, CONTENDO ACIDO (RES. ANTT 420) VENDA A BASE DE TROCA (RES. CONAMA 401)   PLACA: QJN8599 UF: SC BASE SUBSTITUICAO TRIBUTARIA: R$     2.553,84 VALOR SUBSTITUICAO TRIBUTARIA: R$       379,80|
|0450|000044|DECLARAMOS QUE OS PRODUTOS PERIGOSOS ESTAO ADEQUADAMENTE CLASSIFICADOS, EMBALADOS, IDENTIFICADOS, E ESTIVADOS PARA SUPORTAR OS RISCOS DAS OPERACOES DE TRANSPORTE E QUE ATENDEM AS EXIGENCIAS DA REGULAMENTACAO PEDIDO N TMM01344 CLIENTE  11393 ANEXO 4.41 DO RICMS MA. PIS COFINS REGIME MONOFASICO RESP.  FABRICANTE LEI. NR. 10.485 2002  ONU 2794 - N DE RISCO 80 - CLASSE 8 - SUBSTANCIA CORROSIVA - GRUPO DE EMBALAGEM: N.A.  BATERIAS ELETRICAS UMIDAS, CONTENDO ACIDO (RES. ANTT 420) VENDA A BASE DE TROCA (RES. CONAMA 401)   PLACA: QJN8599 UF: SC BASE SUBSTITUICAO TRIBUTARIA: R$    56.826,80 VALOR SUBSTITUICAO TRIBUTARIA: R$     8.451,44|
|0450|000045|DECLARAMOS QUE OS PRODUTOS PERIGOSOS ESTAO ADEQUADAMENTE CLASSIFICADOS, EMBALADOS, IDENTIFICADOS, E ESTIVADOS PARA SUPORTAR OS RISCOS DAS OPERACOES DE TRANSPORTE E QUE ATENDEM AS EXIGENCIAS DA REGULAMENTACAO PEDIDO N TA011398 CLIENTE  11393 ANEXO 4.41 DO RICMS MA. PIS COFINS REGIME MONOFASICO RESP.  FABRICANTE LEI. NR. 10.485 2002  ONU 2794 - N DE RISCO 80 - CLASSE 8 - SUBSTANCIA CORROSIVA - GRUPO DE EMBALAGEM: N.A.  BATERIAS ELETRICAS UMIDAS, CONTENDO ACIDO (RES. ANTT 420) VENDA A BASE DE TROCA (RES. CONAMA 401)   PLACA: QJN8599 UF: SC BASE SUBSTITUICAO TRIBUTARIA: R$    88.232,64 VALOR SUBSTITUICAO TRIBUTARIA: R$    12.987,51|
|0450|000046|DECLARAMOS QUE OS PRODUTOS PERIGOSOS ESTAO ADEQUADAMENTE CLASSIFICADOS, EMBALADOS, IDENTIFICADOS, E ESTIVADOS PARA SUPORTAR OS RISCOS DAS OPERACOES DE TRANSPORTE E QUE ATENDEM AS EXIGENCIAS DA REGULAMENTACAO PEDIDO N A0113991 CLIENTE  11393 ONU 2794 - N DE RISCO 80 - CLASSE 8 - SUBSTANCIA CORROSIVA - GRUPO DE EMBALAGEM: N.A.  BATERIAS ELETRICAS UMIDAS, CONTENDO ACIDO (RESOLUCAO ANTT 5232 2016) VENDA A BASE DE TROCA  SISTEMA ECO (RESOLUCAO CONAMA 401 DE 11 2008) PIS E COFINS REGIME MONOFASICO LEI 10.485 2002  PIS E COFINS REGIME MONOFASICO LEI 10.485 2002 ANEXO 1 SOLUCAO DE CONSULTA NR. 61 22 06 2011   PLACA: QJN8599 UF: SC|
|0450|000047|DECLARAMOS QUE OS PRODUTOS PERIGOSOS ESTAO ADEQUADAMENTE CLASSIFICADOS, EMBALADOS, IDENTIFICADOS, E ESTIVADOS PARA SUPORTAR OS RISCOS DAS OPERACOES DE TRANSPORTE E QUE ATENDEM AS EXIGENCIAS DA REGULAMENTACAO PEDIDO N PR2295931 CLIENTE  11393 NFE REF.: SERIE:001 NUMERO:000018996 EMIT.:05.656.386 0001-08 EM 08 2019 [2119 0805 6563 8600 0108 5500 1000 0189 9619 9995 5219] ;  RETORNO REFERENTE NF-E 000018996 EMITIDA EM : 28 08 2019  ICMS SUSPENSO CF ART. 27, INCISO I E II DO ANEXO 2 DO RICMS-SC 01  BATERIAS ELETRICAS UMIDAS CONTENDO SOLUCAO ACIDA  ONU 2794 - GRAU DE RISCO 8 - CORROSIVO - GRUPO DE EMB. N.A.|
|0450|000048|DECLARAMOS QUE OS PRODUTOS PERIGOSOS ESTAO ADEQUADAMENTE CLASSIFICADOS, EMBALADOS, IDENTIFICADOS, E ESTIVADOS PARA SUPORTAR OS RISCOS DAS OPERACOES DE TRANSPORTE E QUE ATENDEM AS EXIGENCIAS DA REGULAMENTACAO PEDIDO N PR2311971 CLIENTE  11393 NFE REF.: SERIE:001 NUMERO:000019200 EMIT.:05.656.386 0001-08 EM 09 2019 [2119 0905 6563 8600 0108 5500 1000 0192 0019 9995 3177] ;  RETORNO REFERENTE NF-E 000019200 EMITIDA EM : 12 09 2019  ICMS SUSPENSO CF ART. 27, INCISO I E II DO ANEXO 2 DO RICMS-SC 01  BATERIAS ELETRICAS UMIDAS CONTENDO SOLUCAO ACIDA  ONU 2794 - GRAU DE RISCO 8 - CORROSIVO - GRUPO DE EMB. N.A.|
|0450|000049|DECLARAMOS QUE OS PRODUTOS PERIGOSOS ESTAO ADEQUADAMENTE CLASSIFICADOS, EMBALADOS, IDENTIFICADOS, E ESTIVADOS PARA SUPORTAR OS RISCOS DAS OPERACOES DE TRANSPORTE E QUE ATENDEM AS EXIGENCIAS DA REGULAMENTACAO PEDIDO N PR2295941 CLIENTE  11393 NFE REF.: SERIE:001 NUMERO:000018998 EMIT.:05.656.386 0001-08 EM 08 2019 [2119 0805 6563 8600 0108 5500 1000 0189 9819 9995 5191] ;  RETORNO REFERENTE NF-E 000018998 EMITIDA EM : 28 08 2019  ICMS SUSPENSO CF ART. 27, INCISO I E II DO ANEXO 2 DO RICMS-SC 01  BATERIAS ELETRICAS UMIDAS CONTENDO SOLUCAO ACIDA  ONU 2794 - GRAU DE RISCO 8 - CORROSIVO - GRUPO DE EMB. N.A.|
|0450|000050|Retorno de remessa referente a(as) NF-E(s) numero:19330|
|0450|000051|PEDIDO NUMERO: 000006898 VENDEDOR: ARMANDO;|
|0450|000053|Retorno de remessa referente a(as) NF-E(s) numero:19254|
|0460|GARANT|DECLARAMOS QUE OS PRODUTOS PEROGOSOS ESTAO ADEQUADAMENTE CLASSIFICADOS,EMBALADOS,IDENTIFICADOS,E ESTIVADOS PARA SUPORTAR OS RISCOS DAS OPERACOES DE TRASNPORTE E QUE ATENDEM AS EXIGENCIAS DA REGULAMENTACAO. BATERIAS ALETRICAS|
|0460|SUCATA|DECLARAMOS QUE OS PRODUTOS PERIGOSOS ESTAO ADEQUADAMENTE CLASSIFICADOS, EMBALADOS, IDENTIFICADOS E ESTIVADOS PARA SUPORTAR OS RISCOS DAS OPERACOES DE TRANSPORTE E QUE ATENDEM AS EXIFENCIAS DA REGULAMENTACAO.BATERIAS ELETRICAS|
|0990|416|
|B001|1|
|B990|2|
|C001|0|
|C100|1|0|7154|55|00|001|19466|21191005656386000108550010000194661999950510|01102019|01102019|1400,00|2|0,00||1400,00|9|0,00|0,00|0,00|0,00|0,00|0,00|0,00|0,00|0,00|0,00|||
|C170|1|B0169|ACUM ELET B180D PIONEIRO|2,00000|UN|1400,00|0,00|0|060|5405|5405|0,00|0,00|0,00|0,00|0,00|0,00|0|53||0,00|0,00|0,00|04|0,00|0,00|||0,00|04|0,00|0,00|||0,00||0,00|
|C190|060|5405|0,00|1400,00|0,00|0,00|0,00|0,00|0,00|0,00||
|C100|1|0|6979|55|00|001|19467|21191005656386000108550010000194671999950500|01102019|01102019|2550,00|2|0,00||2550,00|9|0,00|0,00|0,00|0,00|0,00|0,00|0,00|0,00|0,00|0,00|||
|C170|1|8003|ACUM ELET MBR 7BS|6,00000|UN|606,00|0,00|1|060|5104|5104|0,00|0,00|0,00|0,00|0,00|0,00|0|53||0,00|0,00|0,00|04|0,00|0,00|||0,00|04|0,00|0,00|||0,00||0,00|
|C170|2|8001|ACUM ELET MBR 5BS|24,00000|UN|1944,00|0,00|1|060|5104|5104|0,00|0,00|0,00|0,00|0,00|0,00|0|53||0,00|0,00|0,00|04|0,00|0,00|||0,00|04|0,00|0,00|||0,00||0,00|
|C190|060|5104|0,00|2550,00|0,00|0,00|0,00|0,00|0,00|0,00||
|C100|1|0|6979|55|00|001|19468|21191005656386000108550010000194681999950493|01102019|01102019|81,00|2|0,00||81,00|9|0,00|0,00|0,00|0,00|0,00|0,00|0,00|0,00|0,00|0,00|||
|C170|1|8001|ACUM ELET MBR 5BS|1,00000|UN|81,00|0,00|0|060|5910|5910|0,00|0,00|0,00|0,00|0,00|0,00|0|53||0,00|0,00|0,00|04|0,00|0,00|||0,00|04|0,00|0,00|||0,00||0,00|
|C190|060|5910|0,00|81,00|0,00|0,00|0,00|0,00|0,00|0,00||
|C100|1|0|6730|55|00|001|19469|21191005656386000108550010000194691999950482|01102019|01102019|1080,00|2|0,00||1080,00|9|0,00|0,00|0,00|0,00|0,00|0,00|0,00|0,00|0,00|0,00|||
|C170|1|8008|ACUM ELET MBR 6BS|12,00000|UN|1080,00|0,00|1|060|5104|5104|0,00|0,00|0,00|0,00|0,00|0,00|0|53||0,00|0,00|0,00|04|0,00|0,00|||0,00|04|0,00|0,00|||0,00||0,00|
|C190|060|5104|0,00|1080,00|0,00|0,00|0,00|0,00|0,00|0,00||
|C100|1|0|6934|55|00|001|19470|21191005656386000108550010000194701999950475|01102019|01102019|1960,00|2|0,00||1960,00|9|0,00|0,00|0,00|0,00|0,00|0,00|0,00|0,00|0,00|0,00|||
|C170|1|B0356|ACUM ELET B150DN PIONEIRO|4,00000|UN|1960,00|0,00|0|060|5405|5405|0,00|0,00|0,00|0,00|0,00|0,00|0|53||0,00|0,00|0,00|04|0,00|0,00|||0,00|04|0,00|0,00|||0,00||0,00|
|C190|060|5405|0,00|1960,00|0,00|0,00|0,00|0,00|0,00|0,00||
|C100|1|0|1041|55|00|001|19471|21191005656386000108550010000194711999950464|01102019|01102019|1771,00|2|0,00||1771,00|9|0,00|0,00|0,00|0,00|0,00|0,00|0,00|0,00|0,00|0,00|||
|C170|1|F1101|ACUM ELET F75PD PIONEIRO|1,00000|UN|308,00|0,00|0|060|5405|5405|0,00|0,00|0,00|0,00|0,00|0,00|0|53||0,00|0,00|0,00|04|0,00|0,00|||0,00|04|0,00|0,00|||0,00||0,00|
|C170|2|F0018|ACUM ELET F70DG PIONEIRO|1,00000|UN|288,00|0,00|0|060|5405|5405|0,00|0,00|0,00|0,00|0,00|0,00|0|53||0,00|0,00|0,00|04|0,00|0,00|||0,00|04|0,00|0,00|||0,00||0,00|
|C170|3|F0012|ACUM ELET F60DG PIONEIRO|5,00000|UN|1175,00|0,00|0|060|5405|5405|0,00|0,00|0,00|0,00|0,00|0,00|0|53||0,00|0,00|0,00|04|0,00|0,00|||0,00|04|0,00|0,00|||0,00||0,00|
|C190|060|5405|0,00|1771,00|0,00|0,00|0,00|0,00|0,00|0,00||
|C100|1|0|4206|55|00|001|19472|21191005656386000108550010000194721999950453|01102019|01102019|2832,00|2|0,00||2832,00|9|0,00|0,00|0,00|0,00|0,00|0,00|0,00|0,00|0,00|0,00|||
|C170|1|8003|ACUM ELET MBR 7BS|6,00000|UN|606,00|0,00|1|060|5104|5104|0,00|0,00|0,00|0,00|0,00|0,00|0|53||0,00|0,00|0,00|04|0,00|0,00|||0,00|04|0,00|0,00|||0,00||0,00|
|C170|2|8008|ACUM ELET MBR 6BS|18,00000|UN|1638,00|0,00|1|060|5104|5104|0,00|0,00|0,00|0,00|0,00|0,00|0|53||0,00|0,00|0,00|04|0,00|0,00|||0,00|04|0,00|0,00|||0,00||0,00|
|C170|3|8008|ACUM ELET MBR 6BS|6,00000|UN|588,00|0,00|1|060|5104|5104|0,00|0,00|0,00|0,00|0,00|0,00|0|53||0,00|0,00|0,00|04|0,00|0,00|||0,00|04|0,00|0,00|||0,00||0,00|
|C190|060|5104|0,00|2832,00|0,00|0,00|0,00|0,00|0,00|0,00||
|C100|1|0|4206|55|00|001|19473|21191005656386000108550010000194731999950442|01102019|01102019|98,00|2|0,00||98,00|9|0,00|0,00|0,00|0,00|0,00|0,00|0,00|0,00|0,00|0,00|||
|C170|1|8008|ACUM ELET MBR 6BS|1,00000|UN|98,00|0,00|0|060|5910|5910|0,00|0,00|0,00|0,00|0,00|0,00|0|53||0,00|0,00|0,00|04|0,00|0,00|||0,00|04|0,00|0,00|||0,00||0,00|
|C190|060|5910|0,00|98,00|0,00|0,00|0,00|0,00|0,00|0,00||
|C100|1|0|6234|55|00|001|19474|21191005656386000108550010000194741999950431|01102019|01102019|260,00|2|0,00||260,00|9|0,00|0,00|0,00|0,00|0,00|0,00|0,00|0,00|0,00|0,00|||
|C170|1|F0012|ACUM ELET F60DG PIONEIRO|1,00000|UN|260,00|0,00|0|060|5405|5405|0,00|0,00|0,00|0,00|0,00|0,00|0|53||0,00|0,00|0,00|04|0,00|0,00|||0,00|04|0,00|0,00|||0,00||0,00|
|C190|060|5405|0,00|260,00|0,00|0,00|0,00|0,00|0,00|0,00||
|C100|1|0|6931|55|00|001|19475|21191005656386000108550010000194751999950420|01102019|01102019|231,00|2|0,00||231,00|9|0,00|0,00|0,00|0,00|0,00|0,00|0,00|0,00|0,00|0,00|||
|C170|1|8001|ACUM ELET MBR 5BS|3,00000|UN|231,00|0,00|1|060|5104|5104|0,00|0,00|0,00|0,00|0,00|0,00|0|53||0,00|0,00|0,00|04|0,00|0,00|||0,00|04|0,00|0,00|||0,00||0,00|
|C190|060|5104|0,00|231,00|0,00|0,00|0,00|0,00|0,00|0,00||
|C100|1|0|4502|55|00|001|19476|21191005656386000108550010000194761999950410|01102019|01102019|162,00|2|0,00||162,00|9|0,00|0,00|0,00|0,00|0,00|0,00|0,00|0,00|0,00|0,00|||
|C170|1|F0829|ACUM ELET F60DN PIONEIRO|1,00000|UN|162,00|0,00|1|060|5104|5104|0,00|0,00|0,00|0,00|0,00|0,00|0|53||0,00|0,00|0,00|04|0,00|0,00|||0,00|04|0,00|0,00|||0,00||0,00|
|C190|060|5104|0,00|162,00|0,00|0,00|0,00|0,00|0,00|0,00||
|C100|1|0|7072|55|00|001|19477|21191005656386000108550010000194771999950409|01102019|01102019|1590,00|2|0,00||1590,00|9|0,00|0,00|0,00|0,00|0,00|0,00|0,00|0,00|0,00|0,00|||
|C170|1|8001|ACUM ELET MBR 5BS|12,00000|UN|1008,00|0,00|0|060|5405|5405|0,00|0,00|0,00|0,00|0,00|0,00|0|53||0,00|0,00|0,00|04|0,00|0,00|||0,00|04|0,00|0,00|||0,00||0,00|
|C170|2|8003|ACUM ELET MBR 7BS|6,00000|UN|582,00|0,00|0|060|5405|5405|0,00|0,00|0,00|0,00|0,00|0,00|0|53||0,00|0,00|0,00|04|0,00|0,00|||0,00|04|0,00|0,00|||0,00||0,00|
|C190|060|5405|0,00|1590,00|0,00|0,00|0,00|0,00|0,00|0,00||
|C100|1|0|4923|55|00|001|19478|21191005656386000108550010000194781999950392|01102019|01102019|698,00|2|0,00||698,00|9|0,00|0,00|0,00|0,00|0,00|0,00|0,00|0,00|0,00|0,00|||
|C170|1|8003|ACUM ELET MBR 7BS|1,00000|UN|110,00|0,00|1|060|5104|5104|0,00|0,00|0,00|0,00|0,00|0,00|0|53||0,00|0,00|0,00|04|0,00|0,00|||0,00|04|0,00|0,00|||0,00||0,00|
|C170|2|8008|ACUM ELET MBR 6BS|6,00000|UN|588,00|0,00|1|060|5104|5104|0,00|0,00|0,00|0,00|0,00|0,00|0|53||0,00|0,00|0,00|04|0,00|0,00|||0,00|04|0,00|0,00|||0,00||0,00|
|C190|060|5104|0,00|698,00|0,00|0,00|0,00|0,00|0,00|0,00||
|C100|1|0|1626|55|00|001|19479|21191005656386000108550010000194791999950381|01102019|01102019|1584,00|2|0,00||1584,00|9|0,00|0,00|0,00|0,00|0,00|0,00|0,00|0,00|0,00|0,00|||
|C170|1|8008|ACUM ELET MBR 6BS|18,00000|UN|1584,00|0,00|1|060|5104|5104|0,00|0,00|0,00|0,00|0,00|0,00|0|53||0,00|0,00|0,00|04|0,00|0,00|||0,00|04|0,00|0,00|||0,00||0,00|
|C190|060|5104|0,00|1584,00|0,00|0,00|0,00|0,00|0,00|0,00||
|C100|1|0|6300|55|00|001|19480|21191005656386000108550010000194801999950374|01102019|01102019|426,00|2|0,00||426,00|9|0,00|0,00|0,00|0,00|0,00|0,00|0,00|0,00|0,00|0,00|||
|C170|1|8001|ACUM ELET MBR 5BS|6,00000|UN|426,00|0,00|0|060|5405|5405|0,00|0,00|0,00|0,00|0,00|0,00|0|53||0,00|0,00|0,00|04|0,00|0,00|||0,00|04|0,00|0,00|||0,00||0,00|
|C190|060|5405|0,00|426,00|0,00|0,00|0,00|0,00|0,00|0,00||
|C100|1|0|1626|55|00|001|19481|21191005656386000108550010000194811999950363|01102019|01102019|88,00|2|0,00||88,00|9|0,00|0,00|0,00|0,00|0,00|0,00|0,00|0,00|0,00|0,00|||
|C170|1|8008|ACUM ELET MBR 6BS|1,00000|UN|88,00|0,00|0|060|5910|5910|0,00|0,00|0,00|0,00|0,00|0,00|0|53||0,00|0,00|0,00|04|0,00|0,00|||0,00|04|0,00|0,00|||0,00||0,00|
|C190|060|5910|0,00|88,00|0,00|0,00|0,00|0,00|0,00|0,00||
|C100|1|0|5296|55|00|001|19482|21191005656386000108550010000194821999950352|01102019|01102019|929,00|2|0,00||929,00|9|0,00|0,00|0,00|0,00|0,00|0,00|0,00|0,00|0,00|0,00|||
|C170|1|B0273|ACUM ELET B110E PIONEIRO|1,00000|UN|383,00|0,00|1|060|5104|5104|0,00|0,00|0,00|0,00|0,00|0,00|0|53||0,00|0,00|0,00|04|0,00|0,00|||0,00|04|0,00|0,00|||0,00||0,00|
|C170|2|8008|ACUM ELET MBR 6BS|6,00000|UN|546,00|0,00|1|060|5104|5104|0,00|0,00|0,00|0,00|0,00|0,00|0|53||0,00|0,00|0,00|04|0,00|0,00|||0,00|04|0,00|0,00|||0,00||0,00|
|C190|060|5104|0,00|929,00|0,00|0,00|0,00|0,00|0,00|0,00||
|C100|1|0|5205|55|00|001|19483|21191005656386000108550010000194831999950341|01102019|01102019|2934,00|2|0,00||2934,00|9|0,00|0,00|0,00|0,00|0,00|0,00|0,00|0,00|0,00|0,00|||
|C170|1|8001|ACUM ELET MBR 5BS|18,00000|UN|1386,00|0,00|1|060|5104|5104|0,00|0,00|0,00|0,00|0,00|0,00|0|53||0,00|0,00|0,00|04|0,00|0,00|||0,00|04|0,00|0,00|||0,00||0,00|
|C170|2|8008|ACUM ELET MBR 6BS|18,00000|UN|1548,00|0,00|1|060|5104|5104|0,00|0,00|0,00|0,00|0,00|0,00|0|53||0,00|0,00|0,00|04|0,00|0,00|||0,00|04|0,00|0,00|||0,00||0,00|
|C190|060|5104|0,00|2934,00|0,00|0,00|0,00|0,00|0,00|0,00||
|C100|1|0|5205|55|00|001|19484|21191005656386000108550010000194841999950330|01102019|01102019|163,00|2|0,00||163,00|9|0,00|0,00|0,00|0,00|0,00|0,00|0,00|0,00|0,00|0,00|||
|C170|1|8001|ACUM ELET MBR 5BS|1,00000|UN|77,00|0,00|0|060|5910|5910|0,00|0,00|0,00|0,00|0,00|0,00|0|53||0,00|0,00|0,00|04|0,00|0,00|||0,00|04|0,00|0,00|||0,00||0,00|
|C170|2|8008|ACUM ELET MBR 6BS|1,00000|UN|86,00|0,00|0|060|5910|5910|0,00|0,00|0,00|0,00|0,00|0,00|0|53||0,00|0,00|0,00|04|0,00|0,00|||0,00|04|0,00|0,00|||0,00||0,00|
|C190|060|5910|0,00|163,00|0,00|0,00|0,00|0,00|0,00|0,00||
|C100|1|0|6528|55|00|001|19485|21191005656386000108550010000194851999950320|01102019|01102019|1026,00|2|0,00||1026,00|9|0,00|0,00|0,00|0,00|0,00|0,00|0,00|0,00|0,00|0,00|||
|C170|1|B0006|ACUM ELET B150DG PIONEIRO|2,00000|UN|1026,00|0,00|1|060|5104|5104|0,00|0,00|0,00|0,00|0,00|0,00|0|53||0,00|0,00|0,00|04|0,00|0,00|||0,00|04|0,00|0,00|||0,00||0,00|
|C190|060|5104|0,00|1026,00|0,00|0,00|0,00|0,00|0,00|0,00||
|C100|1|0|6833|55|00|001|19486|21191005656386000108550010000194861999950319|01102019|01102019|936,00|2|0,00||936,00|9|0,00|0,00|0,00|0,00|0,00|0,00|0,00|0,00|0,00|0,00|||
|C170|1|8001|ACUM ELET MBR 5BS|12,00000|UN|936,00|0,00|1|060|5104|5104|0,00|0,00|0,00|0,00|0,00|0,00|0|53||0,00|0,00|0,00|04|0,00|0,00|||0,00|04|0,00|0,00|||0,00||0,00|
|C190|060|5104|0,00|936,00|0,00|0,00|0,00|0,00|0,00|0,00||
|C100|1|0||55|02|001|19487|21191005656386000108550010000194871999950308|||||||||||||||||||||
|C100|1|0|5725|55|00|001|19488|21191005656386000108550010000194881999950291|01102019|01102019|360,00|2|0,00||360,00|9|0,00|0,00|0,00|0,00|0,00|0,00|0,00|0,00|0,00|0,00|||
|C170|1|F0008|ACUM ELET F50D PIONEIRO|2,00000|UN|360,00|0,00|0|060|5405|5405|0,00|0,00|0,00|0,00|0,00|0,00|0|53||0,00|0,00|0,00|04|0,00|0,00|||0,00|04|0,00|0,00|||0,00||0,00|
|C190|060|5405|0,00|360,00|0,00|0,00|0,00|0,00|0,00|0,00||
|C100|1|0|5835|55|00|001|19489|21191005656386000108550010000194891999950280|01102019|01102019|934,00|2|0,00||934,00|9|0,00|0,00|0,00|0,00|0,00|0,00|0,00|0,00|0,00|0,00|||
|C170|1|8008|ACUM ELET MBR 6BS|6,00000|UN|468,00|0,00|1|060|5104|5104|0,00|0,00|0,00|0,00|0,00|0,00|0|53||0,00|0,00|0,00|04|0,00|0,00|||0,00|04|0,00|0,00|||0,00||0,00|
|C170|2|8008|ACUM ELET MBR 6BS|3,00000|UN|264,00|0,00|1|060|5104|5104|0,00|0,00|0,00|0,00|0,00|0,00|0|53||0,00|0,00|0,00|04|0,00|0,00|||0,00|04|0,00|0,00|||0,00||0,00|
|C170|3|8003|ACUM ELET MBR 7BS|2,00000|UN|202,00|0,00|1|060|5104|5104|0,00|0,00|0,00|0,00|0,00|0,00|0|53||0,00|0,00|0,00|04|0,00|0,00|||0,00|04|0,00|0,00|||0,00||0,00|
|C190|060|5104|0,00|934,00|0,00|0,00|0,00|0,00|0,00|0,00||
|C100|1|0|7159|55|00|001|19490|21191005656386000108550010000194901999950273|01102019|01102019|135,00|2|0,00||135,00|9|0,00|0,00|0,00|0,00|0,00|0,00|0,00|0,00|0,00|0,00|||
|C170|1|8001|ACUM ELET MBR 5BS|1,00000|UN|135,00|0,00|0|060|5405|5405|0,00|0,00|0,00|0,00|0,00|0,00|0|53||0,00|0,00|0,00|04|0,00|0,00|||0,00|04|0,00|0,00|||0,00||0,00|
|C190|060|5405|0,00|135,00|0,00|0,00|0,00|0,00|0,00|0,00||
|C100|1|0|1449|55|00|001|19491|21191005656386000108550010000194911999950262|01102019|01102019|380,00|2|0,00||380,00|9|0,00|0,00|0,00|0,00|0,00|0,00|0,00|0,00|0,00|0,00|||
|C170|1|F1104|ACUM ELET F75HE PIONEIRO|1,00000|UN|380,00|0,00|0|060|5405|5405|0,00|0,00|0,00|0,00|0,00|0,00|0|53||0,00|0,00|0,00|04|0,00|0,00|||0,00|04|0,00|0,00|||0,00||0,00|
|C190|060|5405|0,00|380,00|0,00|0,00|0,00|0,00|0,00|0,00||
|C100|1|0|5180|55|00|001|19492|21191005656386000108550010000194921999950251|01102019|01102019|744,00|2|0,00||744,00|9|0,00|0,00|0,00|0,00|0,00|0,00|0,00|0,00|0,00|0,00|||
|C170|1|8001|ACUM ELET MBR 5BS|6,00000|UN|462,00|0,00|0|060|5405|5405|0,00|0,00|0,00|0,00|0,00|0,00|0|53||0,00|0,00|0,00|04|0,00|0,00|||0,00|04|0,00|0,00|||0,00||0,00|
|C170|2|F0018|ACUM ELET F70DG PIONEIRO|1,00000|UN|282,00|0,00|0|060|5405|5405|0,00|0,00|0,00|0,00|0,00|0,00|0|53||0,00|0,00|0,00|04|0,00|0,00|||0,00|04|0,00|0,00|||0,00||0,00|
|C190|060|5405|0,00|744,00|0,00|0,00|0,00|0,00|0,00|0,00||
|C100|1|0|4974|55|00|001|19493|21191005656386000108550010000194931999950240|01102019|01102019|839,00|2|0,00||839,00|9|0,00|0,00|0,00|0,00|0,00|0,00|0,00|0,00|0,00|0,00|||
|C170|1|F0437|ACUM ELET F48GD PIONEIRO|1,00000|UN|251,00|0,00|0|060|5405|5405|0,00|0,00|0,00|0,00|0,00|0,00|0|53||0,00|0,00|0,00|04|0,00|0,00|||0,00|04|0,00|0,00|||0,00||0,00|
|C170|2|8008|ACUM ELET MBR 6BS|6,00000|UN|588,00|0,00|0|060|5405|5405|0,00|0,00|0,00|0,00|0,00|0,00|0|53||0,00|0,00|0,00|04|0,00|0,00|||0,00|04|0,00|0,00|||0,00||0,00|
|C190|060|5405|0,00|839,00|0,00|0,00|0,00|0,00|0,00|0,00||
|C100|1|0|5647|55|00|001|19494|21191005656386000108550010000194941999950230|01102019|01102019|1470,00|2|0,00||1470,00|9|0,00|0,00|0,00|0,00|0,00|0,00|0,00|0,00|0,00|0,00|||
|C170|1|8001|ACUM ELET MBR 5BS|12,00000|UN|1008,00|0,00|0|060|5405|5405|0,00|0,00|0,00|0,00|0,00|0,00|0|53||0,00|0,00|0,00|04|0,00|0,00|||0,00|04|0,00|0,00|||0,00||0,00|
|C170|2|8001|ACUM ELET MBR 5BS|6,00000|UN|462,00|0,00|0|060|5405|5405|0,00|0,00|0,00|0,00|0,00|0,00|0|53||0,00|0,00|0,00|04|0,00|0,00|||0,00|04|0,00|0,00|||0,00||0,00|
|C190|060|5405|0,00|1470,00|0,00|0,00|0,00|0,00|0,00|0,00||
|C100|1|0|5647|55|00|001|19495|21191005656386000108550010000194951999950229|01102019|01102019|77,00|2|0,00||77,00|9|0,00|0,00|0,00|0,00|0,00|0,00|0,00|0,00|0,00|0,00|||
|C170|1|8001|ACUM ELET MBR 5BS|1,00000|UN|77,00|0,00|0|060|5910|5910|0,00|0,00|0,00|0,00|0,00|0,00|0|53||0,00|0,00|0,00|04|0,00|0,00|||0,00|04|0,00|0,00|||0,00||0,00|
|C190|060|5910|0,00|77,00|0,00|0,00|0,00|0,00|0,00|0,00||
|C100|1|0|6981|55|00|001|19496|21191005656386000108550010000194961999950218|01102019|01102019|180,00|2|0,00||180,00|9|0,00|0,00|0,00|0,00|0,00|0,00|0,00|0,00|0,00|0,00|||
|C170|1|8003|ACUM ELET MBR 7BS|1,00000|UN|96,00|0,00|0|060|5405|5405|0,00|0,00|0,00|0,00|0,00|0,00|0|53||0,00|0,00|0,00|04|0,00|0,00|||0,00|04|0,00|0,00|||0,00||0,00|
|C170|2|8001|ACUM ELET MBR 5BS|1,00000|UN|84,00|0,00|0|060|5405|5405|0,00|0,00|0,00|0,00|0,00|0,00|0|53||0,00|0,00|0,00|04|0,00|0,00|||0,00|04|0,00|0,00|||0,00||0,00|
|C190|060|5405|0,00|180,00|0,00|0,00|0,00|0,00|0,00|0,00||
|C100|1|0|7085|55|00|001|19497|21191005656386000108550010000194971999950207|01102019|01102019|85,00|2|0,00||85,00|9|0,00|0,00|0,00|0,00|0,00|0,00|0,00|0,00|0,00|0,00|||
|C170|1|8008|ACUM ELET MBR 6BS|1,00000|UN|85,00|0,00|0|060|5405|5405|0,00|0,00|0,00|0,00|0,00|0,00|0|53||0,00|0,00|0,00|04|0,00|0,00|||0,00|04|0,00|0,00|||0,00||0,00|
|C190|060|5405|0,00|85,00|0,00|0,00|0,00|0,00|0,00|0,00||
|C100|1|0|6575|55|00|001|19498|21191005656386000108550010000194981999950190|01102019|01102019|431,00|2|15,00||446,00|9|0,00|0,00|0,00|0,00|0,00|0,00|0,00|0,00|0,00|0,00|||
|C170|1|F0188|ACUM ELET F60D PIONEIRO|1,00000|UN|216,00|7,26|0|060|5405|5405|0,00|0,00|0,00|0,00|0,00|0,00|0|53||0,00|0,00|0,00|04|0,00|0,00|||0,00|04|0,00|0,00|||0,00||0,00|
|C170|2|F0012|ACUM ELET F60DG PIONEIRO|1,00000|UN|230,00|7,74|0|060|5405|5405|0,00|0,00|0,00|0,00|0,00|0,00|0|53||0,00|0,00|0,00|04|0,00|0,00|||0,00|04|0,00|0,00|||0,00||0,00|
|C190|060|5405|0,00|431,00|0,00|0,00|0,00|0,00|0,00|0,00||
|C100|1|0|6541|55|00|001|19499|21191005656386000108550010000194991999950180|01102019|01102019|260,00|2|0,00||260,00|9|0,00|0,00|0,00|0,00|0,00|0,00|0,00|0,00|0,00|0,00|||
|C170|1|F0012|ACUM ELET F60DG PIONEIRO|1,00000|UN|260,00|0,00|0|060|5405|5405|0,00|0,00|0,00|0,00|0,00|0,00|0|53||0,00|0,00|0,00|04|0,00|0,00|||0,00|04|0,00|0,00|||0,00||0,00|
|C190|060|5405|0,00|260,00|0,00|0,00|0,00|0,00|0,00|0,00||
|C100|1|0|6022|55|00|001|19500|21191005656386000108550010000195001999950174|01102019|01102019|1776,00|2|0,00||1776,00|9|0,00|0,00|0,00|0,00|0,00|0,00|0,00|0,00|0,00|0,00|||
|C170|1|8001|ACUM ELET MBR 5BS|18,00000|UN|1458,00|0,00|1|060|5104|5104|0,00|0,00|0,00|0,00|0,00|0,00|0|53||0,00|0,00|0,00|04|0,00|0,00|||0,00|04|0,00|0,00|||0,00||0,00|
|C170|2|F1101|ACUM ELET F75PD PIONEIRO|1,00000|UN|318,00|0,00|1|060|5104|5104|0,00|0,00|0,00|0,00|0,00|0,00|0|53||0,00|0,00|0,00|04|0,00|0,00|||0,00|04|0,00|0,00|||0,00||0,00|
|C190|060|5104|0,00|1776,00|0,00|0,00|0,00|0,00|0,00|0,00||
|C100|1|0|6022|55|00|001|19501|21191005656386000108550010000195011999950163|01102019|01102019|81,00|2|0,00||81,00|9|0,00|0,00|0,00|0,00|0,00|0,00|0,00|0,00|0,00|0,00|||
|C170|1|8001|ACUM ELET MBR 5BS|1,00000|UN|81,00|0,00|0|060|5910|5910|0,00|0,00|0,00|0,00|0,00|0,00|0|53||0,00|0,00|0,00|04|0,00|0,00|||0,00|04|0,00|0,00|||0,00||0,00|
|C190|060|5910|0,00|81,00|0,00|0,00|0,00|0,00|0,00|0,00||
|C100|1|0|4464|55|00|001|19502|21191005656386000108550010000195021999950152|02102019|02102019|815,00|2|0,00||815,00|9|0,00|0,00|0,00|0,00|0,00|0,00|0,00|0,00|0,00|0,00|||
|C170|1|B0357|ACUM ELET B100EP PIONEIRO|1,00000|UN|345,00|0,00|0|060|5405|5405|0,00|0,00|0,00|0,00|0,00|0,00|0|53||0,00|0,00|0,00|04|0,00|0,00|||0,00|04|0,00|0,00|||0,00||0,00|
|C170|2|F0012|ACUM ELET F60DG PIONEIRO|2,00000|UN|470,00|0,00|0|060|5405|5405|0,00|0,00|0,00|0,00|0,00|0,00|0|53||0,00|0,00|0,00|04|0,00|0,00|||0,00|04|0,00|0,00|||0,00||0,00|
|C190|060|5405|0,00|815,00|0,00|0,00|0,00|0,00|0,00|0,00||
|C100|1|0|6434|55|00|001|19503|21191005656386000108550010000195031999950141|02102019|02102019|1376,00|2|0,00||1376,00|9|0,00|0,00|0,00|0,00|0,00|0,00|0,00|0,00|0,00|0,00|||
|C170|1|B0356|ACUM ELET B150DN PIONEIRO|1,00000|UN|563,00|0,00|0|060|5405|5405|0,00|0,00|0,00|0,00|0,00|0,00|0|53||0,00|0,00|0,00|04|0,00|0,00|||0,00|04|0,00|0,00|||0,00||0,00|
|C170|2|F1105|ACUM ELET F90CD PIONEIRO|1,00000|UN|441,00|0,00|0|060|5405|5405|0,00|0,00|0,00|0,00|0,00|0,00|0|53||0,00|0,00|0,00|04|0,00|0,00|||0,00|04|0,00|0,00|||0,00||0,00|
|C170|3|F1101|ACUM ELET F75PD PIONEIRO|1,00000|UN|372,00|0,00|0|060|5405|5405|0,00|0,00|0,00|0,00|0,00|0,00|0|53||0,00|0,00|0,00|04|0,00|0,00|||0,00|04|0,00|0,00|||0,00||0,00|
|C190|060|5405|0,00|1376,00|0,00|0,00|0,00|0,00|0,00|0,00||
|C100|1|0|6692|55|00|001|19504|21191005656386000108550010000195041999950130|02102019|02102019|1062,00|2|0,00||1062,00|9|0,00|0,00|0,00|0,00|0,00|0,00|0,00|0,00|0,00|0,00|||
|C170|1|8008|ACUM ELET MBR 6BS|3,00000|UN|294,00|0,00|1|060|5104|5104|0,00|0,00|0,00|0,00|0,00|0,00|0|53||0,00|0,00|0,00|04|0,00|0,00|||0,00|04|0,00|0,00|||0,00||0,00|
|C170|2|F0012|ACUM ELET F60DG PIONEIRO|1,00000|UN|242,00|0,00|1|060|5104|5104|0,00|0,00|0,00|0,00|0,00|0,00|0|53||0,00|0,00|0,00|04|0,00|0,00|||0,00|04|0,00|0,00|||0,00||0,00|
|C170|3|F1097|ACUM ELET F100DS PIONEIRO|1,00000|UN|526,00|0,00|1|060|5104|5104|0,00|0,00|0,00|0,00|0,00|0,00|0|53||0,00|0,00|0,00|04|0,00|0,00|||0,00|04|0,00|0,00|||0,00||0,00|
|C190|060|5104|0,00|1062,00|0,00|0,00|0,00|0,00|0,00|0,00||
|C100|1|0|6525|55|00|001|19505|21191005656386000108550010000195051999950120|02102019|02102019|1112,00|2|0,00||1112,00|9|0,00|0,00|0,00|0,00|0,00|0,00|0,00|0,00|0,00|0,00|||
|C170|1|8008|ACUM ELET MBR 6BS|10,00000|UN|910,00|0,00|1|060|5104|5104|0,00|0,00|0,00|0,00|0,00|0,00|0|53||0,00|0,00|0,00|04|0,00|0,00|||0,00|04|0,00|0,00|||0,00||0,00|
|C170|2|8003|ACUM ELET MBR 7BS|2,00000|UN|202,00|0,00|1|060|5104|5104|0,00|0,00|0,00|0,00|0,00|0,00|0|53||0,00|0,00|0,00|04|0,00|0,00|||0,00|04|0,00|0,00|||0,00||0,00|
|C190|060|5104|0,00|1112,00|0,00|0,00|0,00|0,00|0,00|0,00||
|C100|1|0||55|02|001|19506|21191005656386000108550010000195061999950119|||||||||||||||||||||
|C100|1|0|5343|55|00|001|19507|21191005656386000108550010000195071999950108|02102019|02102019|1710,00|2|0,00||1710,00|9|0,00|0,00|0,00|0,00|0,00|0,00|0,00|0,00|0,00|0,00|||
|C170|1|B0356|ACUM ELET B150DN PIONEIRO|2,00000|UN|1184,00|0,00|0|060|5405|5405|0,00|0,00|0,00|0,00|0,00|0,00|0|53||0,00|0,00|0,00|04|0,00|0,00|||0,00|04|0,00|0,00|||0,00||0,00|
|C170|2|F1097|ACUM ELET F100DS PIONEIRO|1,00000|UN|526,00|0,00|0|060|5405|5405|0,00|0,00|0,00|0,00|0,00|0,00|0|53||0,00|0,00|0,00|04|0,00|0,00|||0,00|04|0,00|0,00|||0,00||0,00|
|C190|060|5405|0,00|1710,00|0,00|0,00|0,00|0,00|0,00|0,00||
|C100|1|0|7150|55|00|001|19508|21191005656386000108550010000195081999950091|02102019|02102019|748,00|2|0,00||748,00|9|0,00|0,00|0,00|0,00|0,00|0,00|0,00|0,00|0,00|0,00|||
|C170|1|B0357|ACUM ELET B100EP PIONEIRO|2,00000|UN|748,00|0,00|0|060|5405|5405|0,00|0,00|0,00|0,00|0,00|0,00|0|53||0,00|0,00|0,00|04|0,00|0,00|||0,00|04|0,00|0,00|||0,00||0,00|
|C190|060|5405|0,00|748,00|0,00|0,00|0,00|0,00|0,00|0,00||
|C100|1|0|6864|55|00|001|19509|21191005656386000108550010000195091999950080|02102019|02102019|120,00|2|0,00||120,00|9|0,00|0,00|0,00|0,00|0,00|0,00|0,00|0,00|0,00|0,00|||
|C170|1|8008|ACUM ELET MBR 6BS|1,00000|UN|120,00|0,00|0|060|5405|5405|0,00|0,00|0,00|0,00|0,00|0,00|0|53||0,00|0,00|0,00|04|0,00|0,00|||0,00|04|0,00|0,00|||0,00||0,00|
|C190|060|5405|0,00|120,00|0,00|0,00|0,00|0,00|0,00|0,00||
|C100|1|0|5509|55|00|001|19510|21191005656386000108550010000195101999950073|02102019|02102019|1900,56|2|0,00||1900,56|9|0,00|0,00|0,00|0,00|0,00|0,00|0,00|0,00|0,00|0,00|||
|C170|1|8001|ACUM ELET MBR 5BS|18,00000|UN|1330,56|0,00|1|060|5104|5104|0,00|0,00|0,00|0,00|0,00|0,00|0|53||0,00|0,00|0,00|04|0,00|0,00|||0,00|04|0,00|0,00|||0,00||0,00|
|C170|2|8003|ACUM ELET MBR 7BS|6,00000|UN|570,00|0,00|1|060|5104|5104|0,00|0,00|0,00|0,00|0,00|0,00|0|53||0,00|0,00|0,00|04|0,00|0,00|||0,00|04|0,00|0,00|||0,00||0,00|
|C190|060|5104|0,00|1900,56|0,00|0,00|0,00|0,00|0,00|0,00||
|C100|1|0|5509|55|00|001|19511|21191005656386000108550010000195111999950062|02102019|02102019|73,92|2|0,00||73,92|9|0,00|0,00|0,00|0,00|0,00|0,00|0,00|0,00|0,00|0,00|||
|C170|1|8001|ACUM ELET MBR 5BS|1,00000|UN|73,92|0,00|0|060|5910|5910|0,00|0,00|0,00|0,00|0,00|0,00|0|53||0,00|0,00|0,00|04|0,00|0,00|||0,00|04|0,00|0,00|||0,00||0,00|
|C190|060|5910|0,00|73,92|0,00|0,00|0,00|0,00|0,00|0,00||
|C100|1|0|5043|55|00|001|19512|21191005656386000108550010000195121999950051|02102019|02102019|520,00|2|0,00||520,00|9|0,00|0,00|0,00|0,00|0,00|0,00|0,00|0,00|0,00|0,00|||
|C170|1|8001|ACUM ELET MBR 5BS|4,00000|UN|324,00|0,00|1|060|5104|5104|0,00|0,00|0,00|0,00|0,00|0,00|0|53||0,00|0,00|0,00|04|0,00|0,00|||0,00|04|0,00|0,00|||0,00||0,00|
|C170|2|8003|ACUM ELET MBR 7BS|2,00000|UN|196,00|0,00|1|060|5104|5104|0,00|0,00|0,00|0,00|0,00|0,00|0|53||0,00|0,00|0,00|04|0,00|0,00|||0,00|04|0,00|0,00|||0,00||0,00|
|C190|060|5104|0,00|520,00|0,00|0,00|0,00|0,00|0,00|0,00||
|C100|1|0|5424|55|00|001|19513|21191005656386000108550010000195131999950040|02102019|02102019|1098,00|2|0,00||1098,00|9|0,00|0,00|0,00|0,00|0,00|0,00|0,00|0,00|0,00|0,00|||
|C170|1|F1101|ACUM ELET F75PD PIONEIRO|1,00000|UN|318,00|0,00|1|060|5104|5104|0,00|0,00|0,00|0,00|0,00|0,00|0|53||0,00|0,00|0,00|04|0,00|0,00|||0,00|04|0,00|0,00|||0,00||0,00|
|C170|2|F0018|ACUM ELET F70DG PIONEIRO|1,00000|UN|296,00|0,00|1|060|5104|5104|0,00|0,00|0,00|0,00|0,00|0,00|0|53||0,00|0,00|0,00|04|0,00|0,00|||0,00|04|0,00|0,00|||0,00||0,00|
|C170|3|F0012|ACUM ELET F60DG PIONEIRO|2,00000|UN|484,00|0,00|1|060|5104|5104|0,00|0,00|0,00|0,00|0,00|0,00|0|53||0,00|0,00|0,00|04|0,00|0,00|||0,00|04|0,00|0,00|||0,00||0,00|
|C190|060|5104|0,00|1098,00|0,00|0,00|0,00|0,00|0,00|0,00||
|C100|1|0|4672|55|00|001|19514|21191005656386000108550010000195141999950030|02102019|02102019|546,00|2|0,00||546,00|9|0,00|0,00|0,00|0,00|0,00|0,00|0,00|0,00|0,00|0,00|||
|C170|1|8008|ACUM ELET MBR 6BS|6,00000|UN|546,00|0,00|1|060|5104|5104|0,00|0,00|0,00|0,00|0,00|0,00|0|53||0,00|0,00|0,00|04|0,00|0,00|||0,00|04|0,00|0,00|||0,00||0,00|
|C190|060|5104|0,00|546,00|0,00|0,00|0,00|0,00|0,00|0,00||
|C100|1|0||55|02|001|19515|21191005656386000108550010000195151999950029|||||||||||||||||||||
|C100|1|0|6862|55|00|001|19516|21191005656386000108550010000195161999950018|02102019|02102019|725,00|2|0,00||725,00|9|0,00|0,00|0,00|0,00|0,00|0,00|0,00|0,00|0,00|0,00|||
|C170|1|B0169|ACUM ELET B180D PIONEIRO|1,00000|UN|725,00|0,00|0|060|5405|5405|0,00|0,00|0,00|0,00|0,00|0,00|0|53||0,00|0,00|0,00|04|0,00|0,00|||0,00|04|0,00|0,00|||0,00||0,00|
|C190|060|5405|0,00|725,00|0,00|0,00|0,00|0,00|0,00|0,00||
|C100|1|0||55|02|001|19517|21191005656386000108550010000195171999950007|||||||||||||||||||||
|C100|1|0|6862|55|00|001|19518|21191005656386000108550010000195181999949995|02102019|02102019|110,00|2|0,00||110,00|9|0,00|0,00|0,00|0,00|0,00|0,00|0,00|0,00|0,00|0,00|||
|C170|1|8001|ACUM ELET MBR 5BS|1,00000|UN|110,00|0,00|0|060|5405|5405|0,00|0,00|0,00|0,00|0,00|0,00|0|53||0,00|0,00|0,00|04|0,00|0,00|||0,00|04|0,00|0,00|||0,00||0,00|
|C190|060|5405|0,00|110,00|0,00|0,00|0,00|0,00|0,00|0,00||
|C100|1|0|5725|55|00|001|19519|21191005656386000108550010000195191999949984|02102019|02102019|431,00|2|0,00||431,00|9|0,00|0,00|0,00|0,00|0,00|0,00|0,00|0,00|0,00|0,00|||
|C170|1|F0012|ACUM ELET F60DG PIONEIRO|1,00000|UN|235,00|0,00|0|060|5405|5405|0,00|0,00|0,00|0,00|0,00|0,00|0|53||0,00|0,00|0,00|04|0,00|0,00|||0,00|04|0,00|0,00|||0,00||0,00|
|C170|2|F0437|ACUM ELET F48GD PIONEIRO|1,00000|UN|196,00|0,00|0|060|5405|5405|0,00|0,00|0,00|0,00|0,00|0,00|0|53||0,00|0,00|0,00|04|0,00|0,00|||0,00|04|0,00|0,00|||0,00||0,00|
|C190|060|5405|0,00|431,00|0,00|0,00|0,00|0,00|0,00|0,00||
|C100|1|0|5686|55|00|001|19520|21191005656386000108550010000195201999949977|02102019|02102019|380,00|2|0,00||380,00|9|0,00|0,00|0,00|0,00|0,00|0,00|0,00|0,00|0,00|0,00|||
|C170|1|F0436|ACUM ELET F45D PIONEIRO|2,00000|UN|380,00|0,00|0|060|5405|5405|0,00|0,00|0,00|0,00|0,00|0,00|0|53||0,00|0,00|0,00|04|0,00|0,00|||0,00|04|0,00|0,00|||0,00||0,00|
|C190|060|5405|0,00|380,00|0,00|0,00|0,00|0,00|0,00|0,00||
|C100|1|0|7105|55|00|001|19521|21191005656386000108550010000195211999949966|02102019|02102019|700,00|2|0,00||700,00|9|0,00|0,00|0,00|0,00|0,00|0,00|0,00|0,00|0,00|0,00|||
|C170|1|B0357|ACUM ELET B100EP PIONEIRO|2,00000|UN|700,00|0,00|0|060|5405|5405|0,00|0,00|0,00|0,00|0,00|0,00|0|53||0,00|0,00|0,00|04|0,00|0,00|||0,00|04|0,00|0,00|||0,00||0,00|
|C190|060|5405|0,00|700,00|0,00|0,00|0,00|0,00|0,00|0,00||
|C100|1|0|5723|55|00|001|19522|21191005656386000108550010000195221999949955|02102019|02102019|400,00|2|0,00||400,00|9|0,00|0,00|0,00|0,00|0,00|0,00|0,00|0,00|0,00|0,00|||
|C170|1|B0273|ACUM ELET B110E PIONEIRO|1,00000|UN|400,00|0,00|0|060|5405|5405|0,00|0,00|0,00|0,00|0,00|0,00|0|53||0,00|0,00|0,00|04|0,00|0,00|||0,00|04|0,00|0,00|||0,00||0,00|
|C190|060|5405|0,00|400,00|0,00|0,00|0,00|0,00|0,00|0,00||
|C100|1|0|4729|55|00|001|19523|21191005656386000108550010000195231999949944|02102019|02102019|255,00|2|0,00||255,00|9|0,00|0,00|0,00|0,00|0,00|0,00|0,00|0,00|0,00|0,00|||
|C170|1|8008|ACUM ELET MBR 6BS|3,00000|UN|255,00|0,00|0|060|5405|5405|0,00|0,00|0,00|0,00|0,00|0,00|0|53||0,00|0,00|0,00|04|0,00|0,00|||0,00|04|0,00|0,00|||0,00||0,00|
|C190|060|5405|0,00|255,00|0,00|0,00|0,00|0,00|0,00|0,00||
|C100|1|0|2971|55|00|001|19524|21191005656386000108550010000195241999949933|02102019|02102019|443,00|2|0,00||443,00|9|0,00|0,00|0,00|0,00|0,00|0,00|0,00|0,00|0,00|0,00|||
|C170|1|8001|ACUM ELET MBR 5BS|2,00000|UN|167,00|0,00|0|060|5405|5405|0,00|0,00|0,00|0,00|0,00|0,00|0|53||0,00|0,00|0,00|04|0,00|0,00|||0,00|04|0,00|0,00|||0,00||0,00|
|C170|2|8008|ACUM ELET MBR 6BS|3,00000|UN|276,00|0,00|0|060|5405|5405|0,00|0,00|0,00|0,00|0,00|0,00|0|53||0,00|0,00|0,00|04|0,00|0,00|||0,00|04|0,00|0,00|||0,00||0,00|
|C190|060|5405|0,00|443,00|0,00|0,00|0,00|0,00|0,00|0,00||
|C100|1|0|6788|55|00|001|19525|21191005656386000108550010000195251999949922|02102019|02102019|2810,00|2|0,00||2810,00|9|0,00|0,00|0,00|0,00|0,00|0,00|0,00|0,00|0,00|0,00|||
|C170|1|F0012|ACUM ELET F60DG PIONEIRO|10,00000|UN|2810,00|0,00|0|060|5405|5405|0,00|0,00|0,00|0,00|0,00|0,00|0|53||0,00|0,00|0,00|04|0,00|0,00|||0,00|04|0,00|0,00|||0,00||0,00|
|C190|060|5405|0,00|2810,00|0,00|0,00|0,00|0,00|0,00|0,00||
|C100|1|0|6780|55|00|001|19526|21191005656386000108550010000195261999949911|02102019|02102019|858,00|2|0,00||858,00|9|0,00|0,00|0,00|0,00|0,00|0,00|0,00|0,00|0,00|0,00|||
|C170|1|8001|ACUM ELET MBR 5BS|6,00000|UN|528,00|0,00|1|060|5104|5104|0,00|0,00|0,00|0,00|0,00|0,00|0|53||0,00|0,00|0,00|04|0,00|0,00|||0,00|04|0,00|0,00|||0,00||0,00|
|C170|2|8003|ACUM ELET MBR 7BS|3,00000|UN|330,00|0,00|1|060|5104|5104|0,00|0,00|0,00|0,00|0,00|0,00|0|53||0,00|0,00|0,00|04|0,00|0,00|||0,00|04|0,00|0,00|||0,00||0,00|
|C190|060|5104|0,00|858,00|0,00|0,00|0,00|0,00|0,00|0,00||
|C100|1|0|6250|55|00|001|19527|21191005656386000108550010000195271999949900|02102019|02102019|421,02|2|0,00||421,02|9|0,00|0,00|0,00|0,00|0,00|0,00|0,00|0,00|0,00|0,00|||
|C170|1|8001|ACUM ELET MBR 5BS|6,00000|UN|421,02|0,00|1|060|5104|5104|0,00|0,00|0,00|0,00|0,00|0,00|0|53||0,00|0,00|0,00|04|0,00|0,00|||0,00|04|0,00|0,00|||0,00||0,00|
|C190|060|5104|0,00|421,02|0,00|0,00|0,00|0,00|0,00|0,00||
|C100|1|0|7049|55|00|001|19528|21191005656386000108550010000195281999949894|02102019|02102019|1378,92|2|0,00||1378,92|9|0,00|0,00|0,00|0,00|0,00|0,00|0,00|0,00|0,00|0,00|||
|C170|1|8001|ACUM ELET MBR 5BS|12,00000|UN|886,44|0,00|1|060|5104|5104|0,00|0,00|0,00|0,00|0,00|0,00|0|53||0,00|0,00|0,00|04|0,00|0,00|||0,00|04|0,00|0,00|||0,00||0,00|
|C170|2|8008|ACUM ELET MBR 6BS|6,00000|UN|492,48|0,00|1|060|5104|5104|0,00|0,00|0,00|0,00|0,00|0,00|0|53||0,00|0,00|0,00|04|0,00|0,00|||0,00|04|0,00|0,00|||0,00||0,00|
|C190|060|5104|0,00|1378,92|0,00|0,00|0,00|0,00|0,00|0,00||
|C100|1|0|7047|55|00|001|19529|21191005656386000108550010000195291999949883|02102019|02102019|1156,00|2|0,00||1156,00|9|0,00|0,00|0,00|0,00|0,00|0,00|0,00|0,00|0,00|0,00|||
|C170|1|F0012|ACUM ELET F60DG PIONEIRO|4,00000|UN|1156,00|0,00|1|060|5104|5104|0,00|0,00|0,00|0,00|0,00|0,00|0|53||0,00|0,00|0,00|04|0,00|0,00|||0,00|04|0,00|0,00|||0,00||0,00|
|C190|060|5104|0,00|1156,00|0,00|0,00|0,00|0,00|0,00|0,00||
|C100|1|0|6854|55|00|001|19530|21191005656386000108550010000195301999949876|03102019|03102019|1914,00|2|0,00||1914,00|9|0,00|0,00|0,00|0,00|0,00|0,00|0,00|0,00|0,00|0,00|||
|C170|1|8001|ACUM ELET MBR 5BS|18,00000|UN|1584,00|0,00|1|060|5104|5104|0,00|0,00|0,00|0,00|0,00|0,00|0|53||0,00|0,00|0,00|04|0,00|0,00|||0,00|04|0,00|0,00|||0,00||0,00|
|C170|2|8003|ACUM ELET MBR 7BS|3,00000|UN|330,00|0,00|1|060|5104|5104|0,00|0,00|0,00|0,00|0,00|0,00|0|53||0,00|0,00|0,00|04|0,00|0,00|||0,00|04|0,00|0,00|||0,00||0,00|
|C190|060|5104|0,00|1914,00|0,00|0,00|0,00|0,00|0,00|0,00||
|C100|1|0|6854|55|00|001|19531|21191005656386000108550010000195311999949865|03102019|03102019|88,00|2|0,00||88,00|9|0,00|0,00|0,00|0,00|0,00|0,00|0,00|0,00|0,00|0,00|||
|C170|1|8001|ACUM ELET MBR 5BS|1,00000|UN|88,00|0,00|0|060|5910|5910|0,00|0,00|0,00|0,00|0,00|0,00|0|53||0,00|0,00|0,00|04|0,00|0,00|||0,00|04|0,00|0,00|||0,00||0,00|
|C190|060|5910|0,00|88,00|0,00|0,00|0,00|0,00|0,00|0,00||
|C100|1|0|6467|55|00|001|19532|21191005656386000108550010000195321999949854|03102019|03102019|2082,00|2|0,00||2082,00|9|0,00|0,00|0,00|0,00|0,00|0,00|0,00|0,00|0,00|0,00|||
|C170|1|8008|ACUM ELET MBR 6BS|18,00000|UN|1638,00|0,00|1|060|5104|5104|0,00|0,00|0,00|0,00|0,00|0,00|0|53||0,00|0,00|0,00|04|0,00|0,00|||0,00|04|0,00|0,00|||0,00||0,00|
|C170|2|F0012|ACUM ELET F60DG PIONEIRO|1,00000|UN|242,00|0,00|1|060|5104|5104|0,00|0,00|0,00|0,00|0,00|0,00|0|53||0,00|0,00|0,00|04|0,00|0,00|||0,00|04|0,00|0,00|||0,00||0,00|
|C170|3|8003|ACUM ELET MBR 7BS|2,00000|UN|202,00|0,00|1|060|5104|5104|0,00|0,00|0,00|0,00|0,00|0,00|0|53||0,00|0,00|0,00|04|0,00|0,00|||0,00|04|0,00|0,00|||0,00||0,00|
|C190|060|5104|0,00|2082,00|0,00|0,00|0,00|0,00|0,00|0,00||
|C100|1|0|6467|55|00|001|19533|21191005656386000108550010000195331999949843|03102019|03102019|91,00|2|0,00||91,00|9|0,00|0,00|0,00|0,00|0,00|0,00|0,00|0,00|0,00|0,00|||
|C170|1|8001|ACUM ELET MBR 5BS|1,00000|UN|91,00|0,00|0|060|5910|5910|0,00|0,00|0,00|0,00|0,00|0,00|0|53||0,00|0,00|0,00|04|0,00|0,00|||0,00|04|0,00|0,00|||0,00||0,00|
|C190|060|5910|0,00|91,00|0,00|0,00|0,00|0,00|0,00|0,00||
|C100|1|0|7095|55|00|001|19534|21191005656386000108550010000195341999949832|03102019|03102019|374,00|2|0,00||374,00|9|0,00|0,00|0,00|0,00|0,00|0,00|0,00|0,00|0,00|0,00|||
|C170|1|F1105|ACUM ELET F90CD PIONEIRO|1,00000|UN|374,00|0,00|1|060|5104|5104|0,00|0,00|0,00|0,00|0,00|0,00|0|53||0,00|0,00|0,00|04|0,00|0,00|||0,00|04|0,00|0,00|||0,00||0,00|
|C190|060|5104|0,00|374,00|0,00|0,00|0,00|0,00|0,00|0,00||
|C100|1|0|2548|55|00|001|19535|21191005656386000108550010000195351999949821|03102019|03102019|918,00|2|0,00||918,00|9|0,00|0,00|0,00|0,00|0,00|0,00|0,00|0,00|0,00|0,00|||
|C170|1|8001|ACUM ELET MBR 5BS|6,00000|UN|528,00|0,00|1|060|5104|5104|0,00|0,00|0,00|0,00|0,00|0,00|0|53||0,00|0,00|0,00|04|0,00|0,00|||0,00|04|0,00|0,00|||0,00||0,00|
|C170|2|8003|ACUM ELET MBR 7BS|2,00000|UN|220,00|0,00|1|060|5104|5104|0,00|0,00|0,00|0,00|0,00|0,00|0|53||0,00|0,00|0,00|04|0,00|0,00|||0,00|04|0,00|0,00|||0,00||0,00|
|C170|3|F0829|ACUM ELET F60DN PIONEIRO|1,00000|UN|170,00|0,00|1|060|5104|5104|0,00|0,00|0,00|0,00|0,00|0,00|0|53||0,00|0,00|0,00|04|0,00|0,00|||0,00|04|0,00|0,00|||0,00||0,00|
|C190|060|5104|0,00|918,00|0,00|0,00|0,00|0,00|0,00|0,00||
|C100|1|0|7160|55|00|001|19542|21191005656386000108550010000195421999949753|03102019|03102019|178,00|2|0,00||178,00|9|0,00|0,00|0,00|0,00|0,00|0,00|0,00|0,00|0,00|0,00|||
|C170|1|8003|ACUM ELET MBR 7BS|2,00000|UN|178,00|0,00|0|060|5405|5405|0,00|0,00|0,00|0,00|0,00|0,00|0|53||0,00|0,00|0,00|04|0,00|0,00|||0,00|04|0,00|0,00|||0,00||0,00|
|C190|060|5405|0,00|178,00|0,00|0,00|0,00|0,00|0,00|0,00||
|C100|1|0|5697|55|00|001|19536|21191005656386000108550010000195361999949810|03102019|03102019|630,00|2|0,00||630,00|9|0,00|0,00|0,00|0,00|0,00|0,00|0,00|0,00|0,00|0,00|||
|C170|1|B0356|ACUM ELET B150DN PIONEIRO|1,00000|UN|630,00|0,00|0|060|5405|5405|0,00|0,00|0,00|0,00|0,00|0,00|0|53||0,00|0,00|0,00|04|0,00|0,00|||0,00|04|0,00|0,00|||0,00||0,00|
|C190|060|5405|0,00|630,00|0,00|0,00|0,00|0,00|0,00|0,00||
|C100|1|0|6514|55|00|001|19537|21191005656386000108550010000195371999949800|03102019|03102019|180,00|2|0,00||180,00|9|0,00|0,00|0,00|0,00|0,00|0,00|0,00|0,00|0,00|0,00|||
|C170|1|F0436|ACUM ELET F45D PIONEIRO|1,00000|UN|180,00|0,00|0|060|5405|5405|0,00|0,00|0,00|0,00|0,00|0,00|0|53||0,00|0,00|0,00|04|0,00|0,00|||0,00|04|0,00|0,00|||0,00||0,00|
|C190|060|5405|0,00|180,00|0,00|0,00|0,00|0,00|0,00|0,00||
|C100|1|0|5423|55|00|001|19538|21191005656386000108550010000195381999949793|03102019|03102019|972,00|2|0,00||972,00|9|0,00|0,00|0,00|0,00|0,00|0,00|0,00|0,00|0,00|0,00|||
|C170|1|8001|ACUM ELET MBR 5BS|12,00000|UN|972,00|0,00|1|060|5104|5104|0,00|0,00|0,00|0,00|0,00|0,00|0|53||0,00|0,00|0,00|04|0,00|0,00|||0,00|04|0,00|0,00|||0,00||0,00|
|C190|060|5104|0,00|972,00|0,00|0,00|0,00|0,00|0,00|0,00||
|C100|1|0|5973|55|00|001|19539|21191005656386000108550010000195391999949782|03102019|03102019|310,00|2|0,00||310,00|9|0,00|0,00|0,00|0,00|0,00|0,00|0,00|0,00|0,00|0,00|||
|C170|1|F1101|ACUM ELET F75PD PIONEIRO|1,00000|UN|310,00|0,00|0|060|5405|5405|0,00|0,00|0,00|0,00|0,00|0,00|0|53||0,00|0,00|0,00|04|0,00|0,00|||0,00|04|0,00|0,00|||0,00||0,00|
|C190|060|5405|0,00|310,00|0,00|0,00|0,00|0,00|0,00|0,00||
|C100|1|0|5299|55|00|001|19540|21191005656386000108550010000195401999949775|03102019|03102019|1662,00|2|0,00||1662,00|9|0,00|0,00|0,00|0,00|0,00|0,00|0,00|0,00|0,00|0,00|||
|C170|1|8008|ACUM ELET MBR 6BS|12,00000|UN|1056,00|0,00|1|060|5104|5104|0,00|0,00|0,00|0,00|0,00|0,00|0|53||0,00|0,00|0,00|04|0,00|0,00|||0,00|04|0,00|0,00|||0,00||0,00|
|C170|2|8003|ACUM ELET MBR 7BS|6,00000|UN|606,00|0,00|1|060|5104|5104|0,00|0,00|0,00|0,00|0,00|0,00|0|53||0,00|0,00|0,00|04|0,00|0,00|||0,00|04|0,00|0,00|||0,00||0,00|
|C190|060|5104|0,00|1662,00|0,00|0,00|0,00|0,00|0,00|0,00||
|C100|1|0|7117|55|00|001|19541|21191005656386000108550010000195411999949764|03102019|03102019|163,00|2|0,00||163,00|9|0,00|0,00|0,00|0,00|0,00|0,00|0,00|0,00|0,00|0,00|||
|C170|1|8001|ACUM ELET MBR 5BS|1,00000|UN|77,00|0,00|0|060|5405|5405|0,00|0,00|0,00|0,00|0,00|0,00|0|53||0,00|0,00|0,00|04|0,00|0,00|||0,00|04|0,00|0,00|||0,00||0,00|
|C170|2|8008|ACUM ELET MBR 6BS|1,00000|UN|86,00|0,00|0|060|5405|5405|0,00|0,00|0,00|0,00|0,00|0,00|0|53||0,00|0,00|0,00|04|0,00|0,00|||0,00|04|0,00|0,00|||0,00||0,00|
|C190|060|5405|0,00|163,00|0,00|0,00|0,00|0,00|0,00|0,00||
|C100|1|0|5869|55|00|001|19543|21191005656386000108550010000195431999949742|03102019|03102019|690,00|2|0,00||690,00|9|0,00|0,00|0,00|0,00|0,00|0,00|0,00|0,00|0,00|0,00|||
|C170|1|F0012|ACUM ELET F60DG PIONEIRO|3,00000|UN|690,00|0,00|1|060|5104|5104|0,00|0,00|0,00|0,00|0,00|0,00|0|53||0,00|0,00|0,00|04|0,00|0,00|||0,00|04|0,00|0,00|||0,00||0,00|
|C190|060|5104|0,00|690,00|0,00|0,00|0,00|0,00|0,00|0,00||
|C100|1|0|3964|55|00|001|19544|21191005656386000108550010000195441999949731|04102019|04102019|1154,00|2|0,00||1154,00|9|0,00|0,00|0,00|0,00|0,00|0,00|0,00|0,00|0,00|0,00|||
|C170|1|B0006|ACUM ELET B150DG PIONEIRO|2,00000|UN|1154,00|0,00|0|060|5405|5405|0,00|0,00|0,00|0,00|0,00|0,00|0|53||0,00|0,00|0,00|04|0,00|0,00|||0,00|04|0,00|0,00|||0,00||0,00|
|C190|060|5405|0,00|1154,00|0,00|0,00|0,00|0,00|0,00|0,00||
|C100|1|0|6025|55|00|001|19545|21191005656386000108550010000195451999949720|04102019|04102019|409,00|2|0,00||409,00|9|0,00|0,00|0,00|0,00|0,00|0,00|0,00|0,00|0,00|0,00|||
|C170|1|B0273|ACUM ELET B110E PIONEIRO|1,00000|UN|409,00|0,00|0|060|5405|5405|0,00|0,00|0,00|0,00|0,00|0,00|0|53||0,00|0,00|0,00|04|0,00|0,00|||0,00|04|0,00|0,00|||0,00||0,00|
|C190|060|5405|0,00|409,00|0,00|0,00|0,00|0,00|0,00|0,00||
|C100|1|0||55|02|001|19546|21191005656386000108550010000195461999949710|||||||||||||||||||||
|C100|1|0|6255|55|00|001|19547|21191005656386000108550010000195471999949709|04102019|04102019|88,00|2|0,00||88,00|9|0,00|0,00|0,00|0,00|0,00|0,00|0,00|0,00|0,00|0,00|||
|C170|1|8001|ACUM ELET MBR 5BS|1,00000|UN|88,00|0,00|0|060|5910|5910|0,00|0,00|0,00|0,00|0,00|0,00|0|53||0,00|0,00|0,00|04|0,00|0,00|||0,00|04|0,00|0,00|||0,00||0,00|
|C190|060|5910|0,00|88,00|0,00|0,00|0,00|0,00|0,00|0,00||
|C100|1|0|6255|55|00|001|19548|21191005656386000108550010000195481999949692|04102019|04102019|2172,00|2|0,00||2172,00|9|0,00|0,00|0,00|0,00|0,00|0,00|0,00|0,00|0,00|0,00|||
|C170|1|8001|ACUM ELET MBR 5BS|18,00000|UN|1584,00|0,00|0|060|5405|5405|0,00|0,00|0,00|0,00|0,00|0,00|0|53||0,00|0,00|0,00|04|0,00|0,00|||0,00|04|0,00|0,00|||0,00||0,00|
|C170|2|8008|ACUM ELET MBR 6BS|6,00000|UN|588,00|0,00|0|060|5405|5405|0,00|0,00|0,00|0,00|0,00|0,00|0|53||0,00|0,00|0,00|04|0,00|0,00|||0,00|04|0,00|0,00|||0,00||0,00|
|C190|060|5405|0,00|2172,00|0,00|0,00|0,00|0,00|0,00|0,00||
|C100|1|0|7161|55|00|001|19549|21191005656386000108550010000195491999949681|04102019|04102019|624,00|2|0,00||624,00|9|0,00|0,00|0,00|0,00|0,00|0,00|0,00|0,00|0,00|0,00|||
|C170|1|8001|ACUM ELET MBR 5BS|6,00000|UN|462,00|0,00|1|060|5104|5104|0,00|0,00|0,00|0,00|0,00|0,00|0|53||0,00|0,00|0,00|04|0,00|0,00|||0,00|04|0,00|0,00|||0,00||0,00|
|C170|2|F0829|ACUM ELET F60DN PIONEIRO|1,00000|UN|162,00|0,00|1|060|5104|5104|0,00|0,00|0,00|0,00|0,00|0,00|0|53||0,00|0,00|0,00|04|0,00|0,00|||0,00|04|0,00|0,00|||0,00||0,00|
|C190|060|5104|0,00|624,00|0,00|0,00|0,00|0,00|0,00|0,00||
|C100|1|0|6537|55|00|001|19550|21191005656386000108550010000195501999949674|04102019|04102019|648,00|2|0,00||648,00|9|0,00|0,00|0,00|0,00|0,00|0,00|0,00|0,00|0,00|0,00|||
|C170|1|F0829|ACUM ELET F60DN PIONEIRO|4,00000|UN|648,00|0,00|1|060|5104|5104|0,00|0,00|0,00|0,00|0,00|0,00|0|53||0,00|0,00|0,00|04|0,00|0,00|||0,00|04|0,00|0,00|||0,00||0,00|
|C190|060|5104|0,00|648,00|0,00|0,00|0,00|0,00|0,00|0,00||
|C100|1|0|6962|55|00|001|19551|21191005656386000108550010000195511999949663|04102019|04102019|2112,00|2|0,00||2112,00|9|0,00|0,00|0,00|0,00|0,00|0,00|0,00|0,00|0,00|0,00|||
|C170|1|8001|ACUM ELET MBR 5BS|24,00000|UN|2112,00|0,00|1|060|5104|5104|0,00|0,00|0,00|0,00|0,00|0,00|0|53||0,00|0,00|0,00|04|0,00|0,00|||0,00|04|0,00|0,00|||0,00||0,00|
|C190|060|5104|0,00|2112,00|0,00|0,00|0,00|0,00|0,00|0,00||
|C100|1|0|6962|55|00|001|19552|21191005656386000108550010000195521999949652|04102019|04102019|88,00|2|0,00||88,00|9|0,00|0,00|0,00|0,00|0,00|0,00|0,00|0,00|0,00|0,00|||
|C170|1|8001|ACUM ELET MBR 5BS|1,00000|UN|88,00|0,00|0|060|5910|5910|0,00|0,00|0,00|0,00|0,00|0,00|0|53||0,00|0,00|0,00|04|0,00|0,00|||0,00|04|0,00|0,00|||0,00||0,00|
|C190|060|5910|0,00|88,00|0,00|0,00|0,00|0,00|0,00|0,00||
|C100|1|0|6377|55|00|001|19553|21191005656386000108550010000195531999949641|04102019|04102019|406,00|2|0,00||406,00|9|0,00|0,00|0,00|0,00|0,00|0,00|0,00|0,00|0,00|0,00|||
|C170|1|F0436|ACUM ELET F45D PIONEIRO|2,00000|UN|406,00|0,00|0|060|5405|5405|0,00|0,00|0,00|0,00|0,00|0,00|0|53||0,00|0,00|0,00|04|0,00|0,00|||0,00|04|0,00|0,00|||0,00||0,00|
|C190|060|5405|0,00|406,00|0,00|0,00|0,00|0,00|0,00|0,00||
|C100|1|0|5734|55|00|001|19554|21191005656386000108550010000195541999949630|04102019|04102019|175,00|2|0,00||175,00|9|0,00|0,00|0,00|0,00|0,00|0,00|0,00|0,00|0,00|0,00|||
|C170|1|8003|ACUM ELET MBR 7BS|2,00000|UN|175,00|0,00|0|060|5405|5405|0,00|0,00|0,00|0,00|0,00|0,00|0|53||0,00|0,00|0,00|04|0,00|0,00|||0,00|04|0,00|0,00|||0,00||0,00|
|C190|060|5405|0,00|175,00|0,00|0,00|0,00|0,00|0,00|0,00||
|C100|1|0||55|02|001|19555|21191005656386000108550010000195551999949620|||||||||||||||||||||
|C100|1|0|7162|55|00|001|19556|21191005656386000108550010000195561999949619|04102019|04102019|130,00|2|0,00||130,00|9|0,00|0,00|0,00|0,00|0,00|0,00|0,00|0,00|0,00|0,00|||
|C170|1|8008|ACUM ELET MBR 6BS|1,00000|UN|130,00|0,00|0|060|5405|5405|0,00|0,00|0,00|0,00|0,00|0,00|0|53||0,00|0,00|0,00|04|0,00|0,00|||0,00|04|0,00|0,00|||0,00||0,00|
|C190|060|5405|0,00|130,00|0,00|0,00|0,00|0,00|0,00|0,00||
|C100|1|0|4683|55|00|001|19557|21191005656386000108550010000195571999949608|04102019|04102019|1260,00|2|0,00||1260,00|9|0,00|0,00|0,00|0,00|0,00|0,00|0,00|0,00|0,00|0,00|||
|C170|1|8001|ACUM ELET MBR 5BS|12,00000|UN|780,00|0,00|1|060|5104|5104|0,00|0,00|0,00|0,00|0,00|0,00|0|53||0,00|0,00|0,00|04|0,00|0,00|||0,00|04|0,00|0,00|||0,00||0,00|
|C170|2|8003|ACUM ELET MBR 7BS|6,00000|UN|480,00|0,00|1|060|5104|5104|0,00|0,00|0,00|0,00|0,00|0,00|0|53||0,00|0,00|0,00|04|0,00|0,00|||0,00|04|0,00|0,00|||0,00||0,00|
|C190|060|5104|0,00|1260,00|0,00|0,00|0,00|0,00|0,00|0,00||
|C100|1|0|6838|55|00|001|19559|21191005656386000108550010000195591999949580|04102019|04102019|392,00|2|0,00||392,00|9|0,00|0,00|0,00|0,00|0,00|0,00|0,00|0,00|0,00|0,00|||
|C170|1|F0437|ACUM ELET F48GD PIONEIRO|2,00000|UN|392,00|0,00|0|060|5405|5405|0,00|0,00|0,00|0,00|0,00|0,00|0|53||0,00|0,00|0,00|04|0,00|0,00|||0,00|04|0,00|0,00|||0,00||0,00|
|C190|060|5405|0,00|392,00|0,00|0,00|0,00|0,00|0,00|0,00||
|C100|1|0|6669|55|00|001|19558|21191005656386000108550010000195581999949591|04102019|04102019|470,00|2|0,00||470,00|9|0,00|0,00|0,00|0,00|0,00|0,00|0,00|0,00|0,00|0,00|||
|C170|1|F0012|ACUM ELET F60DG PIONEIRO|2,00000|UN|470,00|0,00|0|060|5405|5405|0,00|0,00|0,00|0,00|0,00|0,00|0|53||0,00|0,00|0,00|04|0,00|0,00|||0,00|04|0,00|0,00|||0,00||0,00|
|C190|060|5405|0,00|470,00|0,00|0,00|0,00|0,00|0,00|0,00||
|C100|1|0|5832|55|00|001|19560|21191005656386000108550010000195601999949573|04102019|04102019|1332,00|2|0,00||1332,00|9|0,00|0,00|0,00|0,00|0,00|0,00|0,00|0,00|0,00|0,00|||
|C170|1|8001|ACUM ELET MBR 5BS|18,00000|UN|1332,00|0,00|0|060|5405|5405|0,00|0,00|0,00|0,00|0,00|0,00|0|53||0,00|0,00|0,00|04|0,00|0,00|||0,00|04|0,00|0,00|||0,00||0,00|
|C190|060|5405|0,00|1332,00|0,00|0,00|0,00|0,00|0,00|0,00||
|C100|1|0|5832|55|00|001|19561|21191005656386000108550010000195611999949562|04102019|04102019|444,00|2|0,00||444,00|9|0,00|0,00|0,00|0,00|0,00|0,00|0,00|0,00|0,00|0,00|||
|C170|1|8001|ACUM ELET MBR 5BS|6,00000|UN|444,00|0,00|0|060|5405|5405|0,00|0,00|0,00|0,00|0,00|0,00|0|53||0,00|0,00|0,00|04|0,00|0,00|||0,00|04|0,00|0,00|||0,00||0,00|
|C190|060|5405|0,00|444,00|0,00|0,00|0,00|0,00|0,00|0,00||
|C100|1|0|5832|55|00|001|19562|21191005656386000108550010000195621999949551|04102019|04102019|74,00|2|0,00||74,00|9|0,00|0,00|0,00|0,00|0,00|0,00|0,00|0,00|0,00|0,00|||
|C170|1|8001|ACUM ELET MBR 5BS|1,00000|UN|74,00|0,00|0|060|5910|5910|0,00|0,00|0,00|0,00|0,00|0,00|0|53||0,00|0,00|0,00|04|0,00|0,00|||0,00|04|0,00|0,00|||0,00||0,00|
|C190|060|5910|0,00|74,00|0,00|0,00|0,00|0,00|0,00|0,00||
|C100|1|0|6894|55|00|001|19563|21191005656386000108550010000195631999949540|04102019|04102019|340,00|2|0,00||340,00|9|0,00|0,00|0,00|0,00|0,00|0,00|0,00|0,00|0,00|0,00|||
|C170|1|F0018|ACUM ELET F70DG PIONEIRO|1,00000|UN|340,00|0,00|0|060|5405|5405|0,00|0,00|0,00|0,00|0,00|0,00|0|53||0,00|0,00|0,00|04|0,00|0,00|||0,00|04|0,00|0,00|||0,00||0,00|
|C190|060|5405|0,00|340,00|0,00|0,00|0,00|0,00|0,00|0,00||
|C100|1|0|6312|55|00|001|19564|21191005656386000108550010000195641999949530|04102019|04102019|438,00|2|0,00||438,00|9|0,00|0,00|0,00|0,00|0,00|0,00|0,00|0,00|0,00|0,00|||
|C170|1|8001|ACUM ELET MBR 5BS|6,00000|UN|438,00|0,00|0|060|5405|5405|0,00|0,00|0,00|0,00|0,00|0,00|0|53||0,00|0,00|0,00|04|0,00|0,00|||0,00|04|0,00|0,00|||0,00||0,00|
|C190|060|5405|0,00|438,00|0,00|0,00|0,00|0,00|0,00|0,00||
|C100|1|0|5631|55|00|001|19565|21191005656386000108550010000195651999949529|04102019|04102019|100,00|2|0,00||100,00|9|0,00|0,00|0,00|0,00|0,00|0,00|0,00|0,00|0,00|0,00|||
|C170|1|8001|ACUM ELET MBR 5BS|1,00000|UN|100,00|0,00|0|060|5405|5405|0,00|0,00|0,00|0,00|0,00|0,00|0|53||0,00|0,00|0,00|04|0,00|0,00|||0,00|04|0,00|0,00|||0,00||0,00|
|C190|060|5405|0,00|100,00|0,00|0,00|0,00|0,00|0,00|0,00||
|C100|1|0|6509|55|00|001|19566|21191005656386000108550010000195661999949518|04102019|04102019|88,00|2|0,00||88,00|9|0,00|0,00|0,00|0,00|0,00|0,00|0,00|0,00|0,00|0,00|||
|C170|1|8003|ACUM ELET MBR 7BS|1,00000|UN|88,00|0,00|0|060|5405|5405|0,00|0,00|0,00|0,00|0,00|0,00|0|53||0,00|0,00|0,00|04|0,00|0,00|||0,00|04|0,00|0,00|||0,00||0,00|
|C190|060|5405|0,00|88,00|0,00|0,00|0,00|0,00|0,00|0,00||
|C100|1|0|6980|55|00|001|19567|21191005656386000108550010000195671999949507|05102019|05102019|371,00|2|0,00||371,00|9|0,00|0,00|0,00|0,00|0,00|0,00|0,00|0,00|0,00|0,00|||
|C170|1|B0273|ACUM ELET B110E PIONEIRO|1,00000|UN|371,00|0,00|0|060|5405|5405|0,00|0,00|0,00|0,00|0,00|0,00|0|53||0,00|0,00|0,00|04|0,00|0,00|||0,00|04|0,00|0,00|||0,00||0,00|
|C190|060|5405|0,00|371,00|0,00|0,00|0,00|0,00|0,00|0,00||
|C100|1|0|2347|55|00|001|19568|21191005656386000108550010000195681999949490|05102019|05102019|1362,00|2|0,00||1362,00|9|0,00|0,00|0,00|0,00|0,00|0,00|0,00|0,00|0,00|0,00|||
|C170|1|B0006|ACUM ELET B150DG PIONEIRO|2,00000|UN|1362,00|0,00|0|060|5405|5405|0,00|0,00|0,00|0,00|0,00|0,00|0|53||0,00|0,00|0,00|04|0,00|0,00|||0,00|04|0,00|0,00|||0,00||0,00|
|C190|060|5405|0,00|1362,00|0,00|0,00|0,00|0,00|0,00|0,00||
|C100|1|0|6477|55|00|001|19569|21191005656386000108550010000195691999949480|05102019|05102019|260,00|2|0,00||260,00|9|0,00|0,00|0,00|0,00|0,00|0,00|0,00|0,00|0,00|0,00|||
|C170|1|F0012|ACUM ELET F60DG PIONEIRO|1,00000|UN|260,00|0,00|0|060|5405|5405|0,00|0,00|0,00|0,00|0,00|0,00|0|53||0,00|0,00|0,00|04|0,00|0,00|||0,00|04|0,00|0,00|||0,00||0,00|
|C190|060|5405|0,00|260,00|0,00|0,00|0,00|0,00|0,00|0,00||
|C100|1|0|1221|55|00|001|19570|21191005656386000108550010000195701999949472|05102019|05102019|1052,00|2|0,00||1052,00|9|0,00|0,00|0,00|0,00|0,00|0,00|0,00|0,00|0,00|0,00|||
|C170|1|F1097|ACUM ELET F100DS PIONEIRO|2,00000|UN|822,00|0,00|1|060|5104|5104|0,00|0,00|0,00|0,00|0,00|0,00|0|53||0,00|0,00|0,00|04|0,00|0,00|||0,00|04|0,00|0,00|||0,00||0,00|
|C170|2|F0012|ACUM ELET F60DG PIONEIRO|1,00000|UN|230,00|0,00|1|060|5104|5104|0,00|0,00|0,00|0,00|0,00|0,00|0|53||0,00|0,00|0,00|04|0,00|0,00|||0,00|04|0,00|0,00|||0,00||0,00|
|C190|060|5104|0,00|1052,00|0,00|0,00|0,00|0,00|0,00|0,00||
|C100|1|0|7011|55|00|001|19571|21191005656386000108550010000195711999949461|05102019|05102019|608,00|2|0,00||608,00|9|0,00|0,00|0,00|0,00|0,00|0,00|0,00|0,00|0,00|0,00|||
|C170|1|8001|ACUM ELET MBR 5BS|6,00000|UN|444,00|0,00|1|060|5104|5104|0,00|0,00|0,00|0,00|0,00|0,00|0|53||0,00|0,00|0,00|04|0,00|0,00|||0,00|04|0,00|0,00|||0,00||0,00|
|C170|2|F1088|ACUM. ELET. F45DN ONBAT|1,00000|UN|164,00|0,00|1|060|5104|5104|0,00|0,00|0,00|0,00|0,00|0,00|0|53||0,00|0,00|0,00|04|0,00|0,00|||0,00|04|0,00|0,00|||0,00||0,00|
|C190|060|5104|0,00|608,00|0,00|0,00|0,00|0,00|0,00|0,00||
|C100|1|0|4467|55|00|001|19572|21191005656386000108550010000195721999949450|05102019|05102019|854,00|2|0,00||854,00|9|0,00|0,00|0,00|0,00|0,00|0,00|0,00|0,00|0,00|0,00|||
|C170|1|F0012|ACUM ELET F60DG PIONEIRO|2,00000|UN|484,00|0,00|1|060|5104|5104|0,00|0,00|0,00|0,00|0,00|0,00|0|53||0,00|0,00|0,00|04|0,00|0,00|||0,00|04|0,00|0,00|||0,00||0,00|
|C170|2|F0008|ACUM ELET F50D PIONEIRO|2,00000|UN|370,00|0,00|1|060|5104|5104|0,00|0,00|0,00|0,00|0,00|0,00|0|53||0,00|0,00|0,00|04|0,00|0,00|||0,00|04|0,00|0,00|||0,00||0,00|
|C190|060|5104|0,00|854,00|0,00|0,00|0,00|0,00|0,00|0,00||
|C100|1|0|6669|55|00|001|19573|21191005656386000108550010000195731999949440|07102019|07102019|846,00|2|0,00||846,00|9|0,00|0,00|0,00|0,00|0,00|0,00|0,00|0,00|0,00|0,00|||
|C170|1|B0356|ACUM ELET B150DN PIONEIRO|2,00000|UN|846,00|0,00|0|060|5405|5405|0,00|0,00|0,00|0,00|0,00|0,00|0|53||0,00|0,00|0,00|04|0,00|0,00|||0,00|04|0,00|0,00|||0,00||0,00|
|C190|060|5405|0,00|846,00|0,00|0,00|0,00|0,00|0,00|0,00||
|C100|1|0|1|55|00|001|19575|21191005656386000108550010000195751999949428|07102019|07102019|78386,00|2|0,00||78386,00|9|0,00|0,00|0,00|0,00|0,00|0,00|0,00|0,00|0,00|0,00|||
|C170|1|8001|ACUM ELET MBR 5BS|270,00000|UN|23760,00|0,00|0|060|5904|5904|0,00|0,00|0,00|0,00|0,00|0,00|0|53||0,00|0,00|0,00|04|0,00|0,00|||0,00|04|0,00|0,00|||0,00||0,00|
|C170|2|8008|ACUM ELET MBR 6BS|126,00000|UN|12474,00|0,00|0|060|5904|5904|0,00|0,00|0,00|0,00|0,00|0,00|0|53||0,00|0,00|0,00|04|0,00|0,00|||0,00|04|0,00|0,00|||0,00||0,00|
|C170|3|8003|ACUM ELET MBR 7BS|30,00000|UN|3210,00|0,00|0|060|5904|5904|0,00|0,00|0,00|0,00|0,00|0,00|0|53||0,00|0,00|0,00|04|0,00|0,00|||0,00|04|0,00|0,00|||0,00||0,00|
|C170|4|8025|ACUM ELET MBR 14BS|48,00000|UN|10416,00|0,00|0|060|5904|5904|0,00|0,00|0,00|0,00|0,00|0,00|0|53||0,00|0,00|0,00|04|0,00|0,00|||0,00|04|0,00|0,00|||0,00||0,00|
|C170|5|F0436|ACUM ELET F45D PIONEIRO|4,00000|UN|948,00|0,00|0|060|5904|5904|0,00|0,00|0,00|0,00|0,00|0,00|0|53||0,00|0,00|0,00|04|0,00|0,00|||0,00|04|0,00|0,00|||0,00||0,00|
|C170|6|F0437|ACUM ELET F48GD PIONEIRO|4,00000|UN|1004,00|0,00|0|060|5904|5904|0,00|0,00|0,00|0,00|0,00|0,00|0|53||0,00|0,00|0,00|04|0,00|0,00|||0,00|04|0,00|0,00|||0,00||0,00|
|C170|7|F0188|ACUM ELET F60D PIONEIRO|10,00000|UN|2840,00|0,00|0|060|5904|5904|0,00|0,00|0,00|0,00|0,00|0,00|0|53||0,00|0,00|0,00|04|0,00|0,00|||0,00|04|0,00|0,00|||0,00||0,00|
|C170|8|F0012|ACUM ELET F60DG PIONEIRO|16,00000|UN|4816,00|0,00|0|060|5904|5904|0,00|0,00|0,00|0,00|0,00|0,00|0|53||0,00|0,00|0,00|04|0,00|0,00|||0,00|04|0,00|0,00|||0,00||0,00|
|C170|9|F0829|ACUM ELET F60DN PIONEIRO|20,00000|UN|4500,00|0,00|0|060|5904|5904|0,00|0,00|0,00|0,00|0,00|0,00|0|53||0,00|0,00|0,00|04|0,00|0,00|||0,00|04|0,00|0,00|||0,00||0,00|
|C170|10|F0018|ACUM ELET F70DG PIONEIRO|6,00000|UN|2202,00|0,00|0|060|5904|5904|0,00|0,00|0,00|0,00|0,00|0,00|0|53||0,00|0,00|0,00|04|0,00|0,00|||0,00|04|0,00|0,00|||0,00||0,00|
|C170|11|F1101|ACUM ELET F75PD PIONEIRO|6,00000|UN|2346,00|0,00|0|060|5904|5904|0,00|0,00|0,00|0,00|0,00|0,00|0|53||0,00|0,00|0,00|04|0,00|0,00|||0,00|04|0,00|0,00|||0,00||0,00|
|C170|12|F1105|ACUM ELET F90CD PIONEIRO|2,00000|UN|928,00|0,00|0|060|5904|5904|0,00|0,00|0,00|0,00|0,00|0,00|0|53||0,00|0,00|0,00|04|0,00|0,00|||0,00|04|0,00|0,00|||0,00||0,00|
|C170|13|B0357|ACUM ELET B100EP PIONEIRO|4,00000|UN|1816,00|0,00|0|060|5904|5904|0,00|0,00|0,00|0,00|0,00|0,00|0|53||0,00|0,00|0,00|04|0,00|0,00|||0,00|04|0,00|0,00|||0,00||0,00|
|C170|14|B0273|ACUM ELET B110E PIONEIRO|2,00000|UN|978,00|0,00|0|060|5904|5904|0,00|0,00|0,00|0,00|0,00|0,00|0|53||0,00|0,00|0,00|04|0,00|0,00|||0,00|04|0,00|0,00|||0,00||0,00|
|C170|15|B0006|ACUM ELET B150DG PIONEIRO|4,00000|UN|2808,00|0,00|0|060|5904|5904|0,00|0,00|0,00|0,00|0,00|0,00|0|53||0,00|0,00|0,00|04|0,00|0,00|||0,00|04|0,00|0,00|||0,00||0,00|
|C170|16|8060|ACUM ELET ALF2 PIONEIRO TECH|6,00000|UN|276,00|0,00|0|060|5904|5904|0,00|0,00|0,00|0,00|0,00|0,00|0|53||0,00|0,00|0,00|04|0,00|0,00|||0,00|04|0,00|0,00|||0,00||0,00|
|C170|17|8061|ACUM ELET 7F2 PIONEIRO TECH|6,00000|UN|312,00|0,00|0|060|5904|5904|0,00|0,00|0,00|0,00|0,00|0,00|0|53||0,00|0,00|0,00|04|0,00|0,00|||0,00|04|0,00|0,00|||0,00||0,00|
|C170|18|8062|ACUM ELET 9F2 PIONEIRO TECH|6,00000|UN|384,00|0,00|0|060|5904|5904|0,00|0,00|0,00|0,00|0,00|0,00|0|53||0,00|0,00|0,00|04|0,00|0,00|||0,00|04|0,00|0,00|||0,00||0,00|
|C170|19|B0356|ACUM ELET B150DN PIONEIRO|4,00000|UN|2368,00|0,00|0|060|5904|5904|0,00|0,00|0,00|0,00|0,00|0,00|0|53||0,00|0,00|0,00|04|0,00|0,00|||0,00|04|0,00|0,00|||0,00||0,00|
|C190|060|5904|0,00|78386,00|0,00|0,00|0,00|0,00|0,00|0,00||
|C100|1|0|6898|55|00|001|19574|21191005656386000108550010000195741999949439|07102019|07102019|1086,00|2|0,00||1086,00|9|0,00|0,00|0,00|0,00|0,00|0,00|0,00|0,00|0,00|0,00|||
|C170|1|8001|ACUM ELET MBR 5BS|6,00000|UN|504,00|0,00|0|060|5405|5405|0,00|0,00|0,00|0,00|0,00|0,00|0|53||0,00|0,00|0,00|04|0,00|0,00|||0,00|04|0,00|0,00|||0,00||0,00|
|C170|2|8003|ACUM ELET MBR 7BS|6,00000|UN|582,00|0,00|0|060|5405|5405|0,00|0,00|0,00|0,00|0,00|0,00|0|53||0,00|0,00|0,00|04|0,00|0,00|||0,00|04|0,00|0,00|||0,00||0,00|
|C190|060|5405|0,00|1086,00|0,00|0,00|0,00|0,00|0,00|0,00||
|C100|1|0|5725|55|00|001|19576|21191005656386000108550010000195761999949417|07102019|07102019|352,00|2|0,00||352,00|9|0,00|0,00|0,00|0,00|0,00|0,00|0,00|0,00|0,00|0,00|||
|C170|1|F0008|ACUM ELET F50D PIONEIRO|2,00000|UN|352,00|0,00|0|060|5405|5405|0,00|0,00|0,00|0,00|0,00|0,00|0|53||0,00|0,00|0,00|04|0,00|0,00|||0,00|04|0,00|0,00|||0,00||0,00|
|C190|060|5405|0,00|352,00|0,00|0,00|0,00|0,00|0,00|0,00||
|C100|1|0|6834|55|00|001|19577|21191005656386000108550010000195771999949406|07102019|07102019|2352,00|2|0,00||2352,00|9|0,00|0,00|0,00|0,00|0,00|0,00|0,00|0,00|0,00|0,00|||
|C170|1|8008|ACUM ELET MBR 6BS|24,00000|UN|2352,00|0,00|0|060|5405|5405|0,00|0,00|0,00|0,00|0,00|0,00|0|53||0,00|0,00|0,00|04|0,00|0,00|||0,00|04|0,00|0,00|||0,00||0,00|
|C190|060|5405|0,00|2352,00|0,00|0,00|0,00|0,00|0,00|0,00||
|C100|1|0|6834|55|00|001|19578|21191005656386000108550010000195781999949390|07102019|07102019|98,00|2|0,00||98,00|9|0,00|0,00|0,00|0,00|0,00|0,00|0,00|0,00|0,00|0,00|||
|C170|1|8008|ACUM ELET MBR 6BS|1,00000|UN|98,00|0,00|0|060|5910|5910|0,00|0,00|0,00|0,00|0,00|0,00|0|53||0,00|0,00|0,00|04|0,00|0,00|||0,00|04|0,00|0,00|||0,00||0,00|
|C190|060|5910|0,00|98,00|0,00|0,00|0,00|0,00|0,00|0,00||
|C100|1|0|6538|55|00|001|19579|21191005656386000108550010000195791999949389|07102019|07102019|303,00|2|0,00||303,00|9|0,00|0,00|0,00|0,00|0,00|0,00|0,00|0,00|0,00|0,00|||
|C170|1|F1101|ACUM ELET F75PD PIONEIRO|1,00000|UN|303,00|0,00|1|060|5104|5104|0,00|0,00|0,00|0,00|0,00|0,00|0|53||0,00|0,00|0,00|04|0,00|0,00|||0,00|04|0,00|0,00|||0,00||0,00|
|C190|060|5104|0,00|303,00|0,00|0,00|0,00|0,00|0,00|0,00||
|C100|1|0|6538|55|00|001|19580|21191005656386000108550010000195801999949371|07102019|07102019|364,00|2|0,00||364,00|9|0,00|0,00|0,00|0,00|0,00|0,00|0,00|0,00|0,00|0,00|||
|C170|1|8008|ACUM ELET MBR 6BS|4,00000|UN|364,00|0,00|1|060|5104|5104|0,00|0,00|0,00|0,00|0,00|0,00|0|53||0,00|0,00|0,00|04|0,00|0,00|||0,00|04|0,00|0,00|||0,00||0,00|
|C190|060|5104|0,00|364,00|0,00|0,00|0,00|0,00|0,00|0,00||
|C100|1|0|6684|55|00|001|19581|21191005656386000108550010000195811999949360|07102019|07102019|616,00|2|0,00||616,00|9|0,00|0,00|0,00|0,00|0,00|0,00|0,00|0,00|0,00|0,00|||
|C170|1|F1101|ACUM ELET F75PD PIONEIRO|2,00000|UN|616,00|0,00|0|060|5405|5405|0,00|0,00|0,00|0,00|0,00|0,00|0|53||0,00|0,00|0,00|04|0,00|0,00|||0,00|04|0,00|0,00|||0,00||0,00|
|C190|060|5405|0,00|616,00|0,00|0,00|0,00|0,00|0,00|0,00||
|C100|1|0|6018|55|00|001|19582|21191005656386000108550010000195821999949350|07102019|07102019|1238,50|2|0,00||1238,50|9|0,00|0,00|0,00|0,00|0,00|0,00|0,00|0,00|0,00|0,00|||
|C170|1|8008|ACUM ELET MBR 6BS|3,00000|UN|256,50|0,00|1|060|5104|5104|0,00|0,00|0,00|0,00|0,00|0,00|0|53||0,00|0,00|0,00|04|0,00|0,00|||0,00|04|0,00|0,00|||0,00||0,00|
|C170|2|8008|ACUM ELET MBR 6BS|6,00000|UN|468,00|0,00|1|060|5104|5104|0,00|0,00|0,00|0,00|0,00|0,00|0|53||0,00|0,00|0,00|04|0,00|0,00|||0,00|04|0,00|0,00|||0,00||0,00|
|C170|3|8001|ACUM ELET MBR 5BS|3,00000|UN|231,00|0,00|1|060|5104|5104|0,00|0,00|0,00|0,00|0,00|0,00|0|53||0,00|0,00|0,00|04|0,00|0,00|||0,00|04|0,00|0,00|||0,00||0,00|
|C170|4|F0018|ACUM ELET F70DG PIONEIRO|1,00000|UN|283,00|0,00|1|060|5104|5104|0,00|0,00|0,00|0,00|0,00|0,00|0|53||0,00|0,00|0,00|04|0,00|0,00|||0,00|04|0,00|0,00|||0,00||0,00|
|C190|060|5104|0,00|1238,50|0,00|0,00|0,00|0,00|0,00|0,00||
|C100|1|0|1041|55|00|001|19583|21191005656386000108550010000195831999949349|07102019|07102019|538,00|2|0,00||538,00|9|0,00|0,00|0,00|0,00|0,00|0,00|0,00|0,00|0,00|0,00|||
|C170|1|F1281|ACUM. ELET. EFB72D PIONEIRO|1,00000|UN|538,00|0,00|0|060|5405|5405|0,00|0,00|0,00|0,00|0,00|0,00|0|53||0,00|0,00|0,00|04|0,00|0,00|||0,00|04|0,00|0,00|||0,00||0,00|
|C190|060|5405|0,00|538,00|0,00|0,00|0,00|0,00|0,00|0,00||
|C100|1|0|5622|55|00|001|19584|21191005656386000108550010000195841999949338|07102019|07102019|576,00|2|0,00||576,00|9|0,00|0,00|0,00|0,00|0,00|0,00|0,00|0,00|0,00|0,00|||
|C170|1|F0437|ACUM ELET F48GD PIONEIRO|2,00000|UN|392,00|0,00|0|060|5405|5405|0,00|0,00|0,00|0,00|0,00|0,00|0|53||0,00|0,00|0,00|04|0,00|0,00|||0,00|04|0,00|0,00|||0,00||0,00|
|C170|2|F0436|ACUM ELET F45D PIONEIRO|1,00000|UN|184,00|0,00|0|060|5405|5405|0,00|0,00|0,00|0,00|0,00|0,00|0|53||0,00|0,00|0,00|04|0,00|0,00|||0,00|04|0,00|0,00|||0,00||0,00|
|C190|060|5405|0,00|576,00|0,00|0,00|0,00|0,00|0,00|0,00||
|C100|1|0|4930|55|00|001|19585|21191005656386000108550010000195851999949327|07102019|07102019|330,00|2|0,00||330,00|9|0,00|0,00|0,00|0,00|0,00|0,00|0,00|0,00|0,00|0,00|||
|C170|1|F0018|ACUM ELET F70DG PIONEIRO|1,00000|UN|330,00|0,00|0|060|5405|5405|0,00|0,00|0,00|0,00|0,00|0,00|0|53||0,00|0,00|0,00|04|0,00|0,00|||0,00|04|0,00|0,00|||0,00||0,00|
|C190|060|5405|0,00|330,00|0,00|0,00|0,00|0,00|0,00|0,00||
|C100|1|0|4667|55|00|001|19586|21191005656386000108550010000195861999949316|07102019|07102019|2772,00|2|0,00||2772,00|9|0,00|0,00|0,00|0,00|0,00|0,00|0,00|0,00|0,00|0,00|||
|C170|1|8001|ACUM ELET MBR 5BS|36,00000|UN|2772,00|0,00|1|060|5104|5104|0,00|0,00|0,00|0,00|0,00|0,00|0|53||0,00|0,00|0,00|04|0,00|0,00|||0,00|04|0,00|0,00|||0,00||0,00|
|C190|060|5104|0,00|2772,00|0,00|0,00|0,00|0,00|0,00|0,00||
|C100|1|0|4667|55|00|001|19587|21191005656386000108550010000195871999949305|07102019|07102019|154,00|2|0,00||154,00|9|0,00|0,00|0,00|0,00|0,00|0,00|0,00|0,00|0,00|0,00|||
|C170|1|8001|ACUM ELET MBR 5BS|2,00000|UN|154,00|0,00|0|060|5910|5910|0,00|0,00|0,00|0,00|0,00|0,00|0|53||0,00|0,00|0,00|04|0,00|0,00|||0,00|04|0,00|0,00|||0,00||0,00|
|C190|060|5910|0,00|154,00|0,00|0,00|0,00|0,00|0,00|0,00||
|C100|1|0|2990|55|00|001|19588|21191005656386000108550010000195881999949299|07102019|07102019|440,00|2|0,00||440,00|9|0,00|0,00|0,00|0,00|0,00|0,00|0,00|0,00|0,00|0,00|||
|C170|1|8008|ACUM ELET MBR 6BS|3,00000|UN|246,00|0,00|0|060|5405|5405|0,00|0,00|0,00|0,00|0,00|0,00|0|53||0,00|0,00|0,00|04|0,00|0,00|||0,00|04|0,00|0,00|||0,00||0,00|
|C170|2|8003|ACUM ELET MBR 7BS|2,00000|UN|194,00|0,00|0|060|5405|5405|0,00|0,00|0,00|0,00|0,00|0,00|0|53||0,00|0,00|0,00|04|0,00|0,00|||0,00|04|0,00|0,00|||0,00||0,00|
|C190|060|5405|0,00|440,00|0,00|0,00|0,00|0,00|0,00|0,00||
|C100|1|0|4930|55|00|001|19589|21191005656386000108550010000195891999949288|07102019|07102019|702,00|2|0,00||702,00|9|0,00|0,00|0,00|0,00|0,00|0,00|0,00|0,00|0,00|0,00|||
|C170|1|8008|ACUM ELET MBR 6BS|6,00000|UN|516,00|0,00|0|060|5405|5405|0,00|0,00|0,00|0,00|0,00|0,00|0|53||0,00|0,00|0,00|04|0,00|0,00|||0,00|04|0,00|0,00|||0,00||0,00|
|C170|2|8003|ACUM ELET MBR 7BS|2,00000|UN|186,00|0,00|0|060|5405|5405|0,00|0,00|0,00|0,00|0,00|0,00|0|53||0,00|0,00|0,00|04|0,00|0,00|||0,00|04|0,00|0,00|||0,00||0,00|
|C190|060|5405|0,00|702,00|0,00|0,00|0,00|0,00|0,00|0,00||
|C100|1|0|6924|55|00|001|19590|21191005656386000108550010000195901999949270|07102019|07102019|546,00|2|0,00||546,00|9|0,00|0,00|0,00|0,00|0,00|0,00|0,00|0,00|0,00|0,00|||
|C170|1|8008|ACUM ELET MBR 6BS|6,00000|UN|546,00|0,00|1|060|5104|5104|0,00|0,00|0,00|0,00|0,00|0,00|0|53||0,00|0,00|0,00|04|0,00|0,00|||0,00|04|0,00|0,00|||0,00||0,00|
|C190|060|5104|0,00|546,00|0,00|0,00|0,00|0,00|0,00|0,00||
|C100|1|0|6924|55|00|001|19591|21191005656386000108550010000195911999949260|07102019|07102019|1328,00|2|0,00||1328,00|9|0,00|0,00|0,00|0,00|0,00|0,00|0,00|0,00|0,00|0,00|||
|C170|1|B0006|ACUM ELET B150DG PIONEIRO|1,00000|UN|540,00|0,00|0|060|5405|5405|0,00|0,00|0,00|0,00|0,00|0,00|0|53||0,00|0,00|0,00|04|0,00|0,00|||0,00|04|0,00|0,00|||0,00||0,00|
|C170|2|8008|ACUM ELET MBR 6BS|6,00000|UN|546,00|0,00|0|060|5405|5405|0,00|0,00|0,00|0,00|0,00|0,00|0|53||0,00|0,00|0,00|04|0,00|0,00|||0,00|04|0,00|0,00|||0,00||0,00|
|C170|3|F0012|ACUM ELET F60DG PIONEIRO|1,00000|UN|242,00|0,00|0|060|5405|5405|0,00|0,00|0,00|0,00|0,00|0,00|0|53||0,00|0,00|0,00|04|0,00|0,00|||0,00|04|0,00|0,00|||0,00||0,00|
|C190|060|5405|0,00|1328,00|0,00|0,00|0,00|0,00|0,00|0,00||
|C100|1|0|6340|55|00|001|19592|21191005656386000108550010000195921999949259|07102019|07102019|462,00|2|0,00||462,00|9|0,00|0,00|0,00|0,00|0,00|0,00|0,00|0,00|0,00|0,00|||
|C170|1|8001|ACUM ELET MBR 5BS|6,00000|UN|462,00|0,00|0|060|5405|5405|0,00|0,00|0,00|0,00|0,00|0,00|0|53||0,00|0,00|0,00|04|0,00|0,00|||0,00|04|0,00|0,00|||0,00||0,00|
|C190|060|5405|0,00|462,00|0,00|0,00|0,00|0,00|0,00|0,00||
|C100|1|0|6587|55|00|001|19593|21191005656386000108550010000195931999949248|07102019|07102019|486,00|2|0,00||486,00|9|0,00|0,00|0,00|0,00|0,00|0,00|0,00|0,00|0,00|0,00|||
|C170|1|8001|ACUM ELET MBR 5BS|6,00000|UN|486,00|0,00|1|060|5104|5104|0,00|0,00|0,00|0,00|0,00|0,00|0|53||0,00|0,00|0,00|04|0,00|0,00|||0,00|04|0,00|0,00|||0,00||0,00|
|C190|060|5104|0,00|486,00|0,00|0,00|0,00|0,00|0,00|0,00||
|C100|1|0||55|04|001|19594|21191005656386000108550010000195941999949237|||||||||||||||||||||
|C100|1|0|6924|55|00|001|19595|21191005656386000108550010000195951999949226|07102019|07102019|674,00|2|0,00||674,00|9|0,00|0,00|0,00|0,00|0,00|0,00|0,00|0,00|0,00|0,00|||
|C170|1|B0006|ACUM ELET B150DG PIONEIRO|1,00000|UN|674,00|0,00|0|060|5405|5405|0,00|0,00|0,00|0,00|0,00|0,00|0|53||0,00|0,00|0,00|04|0,00|0,00|||0,00|04|0,00|0,00|||0,00||0,00|
|C190|060|5405|0,00|674,00|0,00|0,00|0,00|0,00|0,00|0,00||
|C100|1|0|6971|55|00|001|19596|21191005656386000108550010000195961999949215|08102019|08102019|330,00|2|0,00||330,00|9|0,00|0,00|0,00|0,00|0,00|0,00|0,00|0,00|0,00|0,00|||
|C170|1|F0829|ACUM ELET F60DN PIONEIRO|2,00000|UN|330,00|0,00|0|060|5405|5405|0,00|0,00|0,00|0,00|0,00|0,00|0|53||0,00|0,00|0,00|04|0,00|0,00|||0,00|04|0,00|0,00|||0,00||0,00|
|C190|060|5405|0,00|330,00|0,00|0,00|0,00|0,00|0,00|0,00||
|C100|1|0||55|02|001|19597|21191005656386000108550010000195971999949204|||||||||||||||||||||
|C100|1|0|6457|55|00|001|19598|21191005656386000108550010000195981999949198|08102019|08102019|426,00|2|0,00||426,00|9|0,00|0,00|0,00|0,00|0,00|0,00|0,00|0,00|0,00|0,00|||
|C170|1|8001|ACUM ELET MBR 5BS|6,00000|UN|426,00|0,00|0|060|5405|5405|0,00|0,00|0,00|0,00|0,00|0,00|0|53||0,00|0,00|0,00|04|0,00|0,00|||0,00|04|0,00|0,00|||0,00||0,00|
|C190|060|5405|0,00|426,00|0,00|0,00|0,00|0,00|0,00|0,00||
|C100|1|0|6224|55|00|001|19599|21191005656386000108550010000195991999949187|08102019|08102019|699,84|2|0,00||699,84|9|0,00|0,00|0,00|0,00|0,00|0,00|0,00|0,00|0,00|0,00|||
|C170|1|8001|ACUM ELET MBR 5BS|9,00000|UN|699,84|0,00|0|060|5405|5405|0,00|0,00|0,00|0,00|0,00|0,00|0|53||0,00|0,00|0,00|04|0,00|0,00|||0,00|04|0,00|0,00|||0,00||0,00|
|C190|060|5405|0,00|699,84|0,00|0,00|0,00|0,00|0,00|0,00||
|C100|1|0|6224|55|00|001|19600|21191005656386000108550010000196001999949171|08102019|08102019|527,28|2|0,00||527,28|9|0,00|0,00|0,00|0,00|0,00|0,00|0,00|0,00|0,00|0,00|||
|C170|1|8001|ACUM ELET MBR 5BS|3,00000|UN|233,28|0,00|1|060|5104|5104|0,00|0,00|0,00|0,00|0,00|0,00|0|53||0,00|0,00|0,00|04|0,00|0,00|||0,00|04|0,00|0,00|||0,00||0,00|
|C170|2|8003|ACUM ELET MBR 7BS|3,00000|UN|294,00|0,00|1|060|5104|5104|0,00|0,00|0,00|0,00|0,00|0,00|0|53||0,00|0,00|0,00|04|0,00|0,00|||0,00|04|0,00|0,00|||0,00||0,00|
|C190|060|5104|0,00|527,28|0,00|0,00|0,00|0,00|0,00|0,00||
|C100|1|0|5766|55|00|001|19602|21191005656386000108550010000196021999949150|08102019|08102019|390,00|2|0,00||390,00|9|0,00|0,00|0,00|0,00|0,00|0,00|0,00|0,00|0,00|0,00|||
|C170|1|8001|ACUM ELET MBR 5BS|6,00000|UN|390,00|0,00|1|060|5104|5104|0,00|0,00|0,00|0,00|0,00|0,00|0|53||0,00|0,00|0,00|04|0,00|0,00|||0,00|04|0,00|0,00|||0,00||0,00|
|C190|060|5104|0,00|390,00|0,00|0,00|0,00|0,00|0,00|0,00||
|C100|1|0|4683|55|00|001|19601|21191005656386000108550010000196011999949160|08102019|08102019|728,00|2|0,00||728,00|9|0,00|0,00|0,00|0,00|0,00|0,00|0,00|0,00|0,00|0,00|||
|C170|1|B0273|ACUM ELET B110E PIONEIRO|2,00000|UN|728,00|0,00|1|060|5104|5104|0,00|0,00|0,00|0,00|0,00|0,00|0|53||0,00|0,00|0,00|04|0,00|0,00|||0,00|04|0,00|0,00|||0,00||0,00|
|C190|060|5104|0,00|728,00|0,00|0,00|0,00|0,00|0,00|0,00||
|C100|1|0|6194|55|00|001|19603|21191005656386000108550010000196031999949149|08102019|08102019|460,00|2|0,00||460,00|9|0,00|0,00|0,00|0,00|0,00|0,00|0,00|0,00|0,00|0,00|||
|C170|1|B0357|ACUM ELET B100EP PIONEIRO|1,00000|UN|460,00|0,00|0|060|5405|5405|0,00|0,00|0,00|0,00|0,00|0,00|0|53||0,00|0,00|0,00|04|0,00|0,00|||0,00|04|0,00|0,00|||0,00||0,00|
|C190|060|5405|0,00|460,00|0,00|0,00|0,00|0,00|0,00|0,00||
|C100|1|0|3958|55|00|001|19605|21191005656386000108550010000196051999949127|08102019|08102019|1204,00|2|0,00||1204,00|9|0,00|0,00|0,00|0,00|0,00|0,00|0,00|0,00|0,00|0,00|||
|C170|1|F0012|ACUM ELET F60DG PIONEIRO|2,00000|UN|484,00|0,00|0|060|5405|5405|0,00|0,00|0,00|0,00|0,00|0,00|0|53||0,00|0,00|0,00|04|0,00|0,00|||0,00|04|0,00|0,00|||0,00||0,00|
|C170|2|F0829|ACUM ELET F60DN PIONEIRO|2,00000|UN|340,00|0,00|0|060|5405|5405|0,00|0,00|0,00|0,00|0,00|0,00|0|53||0,00|0,00|0,00|04|0,00|0,00|||0,00|04|0,00|0,00|||0,00||0,00|
|C170|3|F0436|ACUM ELET F45D PIONEIRO|2,00000|UN|380,00|0,00|0|060|5405|5405|0,00|0,00|0,00|0,00|0,00|0,00|0|53||0,00|0,00|0,00|04|0,00|0,00|||0,00|04|0,00|0,00|||0,00||0,00|
|C190|060|5405|0,00|1204,00|0,00|0,00|0,00|0,00|0,00|0,00||
|C100|1|0|5701|55|00|001|19606|21191005656386000108550010000196061999949116|08102019|08102019|318,00|2|0,00||318,00|9|0,00|0,00|0,00|0,00|0,00|0,00|0,00|0,00|0,00|0,00|||
|C170|1|F0018|ACUM ELET F70DG PIONEIRO|1,00000|UN|318,00|0,00|0|060|5405|5405|0,00|0,00|0,00|0,00|0,00|0,00|0|53||0,00|0,00|0,00|04|0,00|0,00|||0,00|04|0,00|0,00|||0,00||0,00|
|C190|060|5405|0,00|318,00|0,00|0,00|0,00|0,00|0,00|0,00||
|C100|1|0|7163|55|00|001|19608|21191005656386000108550010000196081999949099|08102019|08102019|260,00|2|0,00||260,00|9|0,00|0,00|0,00|0,00|0,00|0,00|0,00|0,00|0,00|0,00|||
|C170|1|F0012|ACUM ELET F60DG PIONEIRO|1,00000|UN|260,00|0,00|0|060|5405|5405|0,00|0,00|0,00|0,00|0,00|0,00|0|53||0,00|0,00|0,00|04|0,00|0,00|||0,00|04|0,00|0,00|||0,00||0,00|
|C190|060|5405|0,00|260,00|0,00|0,00|0,00|0,00|0,00|0,00||
|C100|1|0|4681|55|00|001|19607|21191005656386000108550010000196071999949105|08102019|08102019|438,90|2|0,00||438,90|9|0,00|0,00|0,00|0,00|0,00|0,00|0,00|0,00|0,00|0,00|||
|C170|1|8001|ACUM ELET MBR 5BS|6,00000|UN|438,90|0,00|0|060|5405|5405|0,00|0,00|0,00|0,00|0,00|0,00|0|53||0,00|0,00|0,00|04|0,00|0,00|||0,00|04|0,00|0,00|||0,00||0,00|
|C190|060|5405|0,00|438,90|0,00|0,00|0,00|0,00|0,00|0,00||
|C100|1|0|6648|55|00|001|19611|21191005656386000108550010000196111999949060|08102019|08102019|705,00|2|0,00||705,00|9|0,00|0,00|0,00|0,00|0,00|0,00|0,00|0,00|0,00|0,00|||
|C170|1|F0012|ACUM ELET F60DG PIONEIRO|3,00000|UN|705,00|0,00|0|060|5405|5405|0,00|0,00|0,00|0,00|0,00|0,00|0|53||0,00|0,00|0,00|04|0,00|0,00|||0,00|04|0,00|0,00|||0,00||0,00|
|C190|060|5405|0,00|705,00|0,00|0,00|0,00|0,00|0,00|0,00||
|C100|1|0|4767|55|00|001|19609|21191005656386000108550010000196091999949088|08102019|08102019|372,00|2|0,00||372,00|9|0,00|0,00|0,00|0,00|0,00|0,00|0,00|0,00|0,00|0,00|||
|C170|1|F0437|ACUM ELET F48GD PIONEIRO|1,00000|UN|202,00|0,00|1|060|5104|5104|0,00|0,00|0,00|0,00|0,00|0,00|0|53||0,00|0,00|0,00|04|0,00|0,00|||0,00|04|0,00|0,00|||0,00||0,00|
|C170|2|F0829|ACUM ELET F60DN PIONEIRO|1,00000|UN|170,00|0,00|1|060|5104|5104|0,00|0,00|0,00|0,00|0,00|0,00|0|53||0,00|0,00|0,00|04|0,00|0,00|||0,00|04|0,00|0,00|||0,00||0,00|
|C190|060|5104|0,00|372,00|0,00|0,00|0,00|0,00|0,00|0,00||
|C100|1|0|7164|55|00|001|19610|21191005656386000108550010000196101999949070|08102019|08102019|658,35|2|0,00||658,35|9|0,00|0,00|0,00|0,00|0,00|0,00|0,00|0,00|0,00|0,00|||
|C170|1|8008|ACUM ELET MBR 6BS|7,00000|UN|658,35|0,00|1|060|5104|5104|0,00|0,00|0,00|0,00|0,00|0,00|0|53||0,00|0,00|0,00|04|0,00|0,00|||0,00|04|0,00|0,00|||0,00||0,00|
|C190|060|5104|0,00|658,35|0,00|0,00|0,00|0,00|0,00|0,00||
|C100|1|0|5725|55|00|001|19612|21191005656386000108550010000196121999949059|08102019|08102019|376,00|2|0,00||376,00|9|0,00|0,00|0,00|0,00|0,00|0,00|0,00|0,00|0,00|0,00|||
|C170|1|F0437|ACUM ELET F48GD PIONEIRO|1,00000|UN|196,00|0,00|0|060|5405|5405|0,00|0,00|0,00|0,00|0,00|0,00|0|53||0,00|0,00|0,00|04|0,00|0,00|||0,00|04|0,00|0,00|||0,00||0,00|
|C170|2|F0008|ACUM ELET F50D PIONEIRO|1,00000|UN|180,00|0,00|0|060|5405|5405|0,00|0,00|0,00|0,00|0,00|0,00|0|53||0,00|0,00|0,00|04|0,00|0,00|||0,00|04|0,00|0,00|||0,00||0,00|
|C190|060|5405|0,00|376,00|0,00|0,00|0,00|0,00|0,00|0,00||
|C100|1|0|7165|55|00|001|19613|21191005656386000108550010000196131999949048|08102019|08102019|489,00|2|0,00||489,00|9|0,00|0,00|0,00|0,00|0,00|0,00|0,00|0,00|0,00|0,00|||
|C170|1|8001|ACUM ELET MBR 5BS|3,00000|UN|231,00|0,00|0|060|5405|5405|0,00|0,00|0,00|0,00|0,00|0,00|0|53||0,00|0,00|0,00|04|0,00|0,00|||0,00|04|0,00|0,00|||0,00||0,00|
|C170|2|8008|ACUM ELET MBR 6BS|3,00000|UN|258,00|0,00|0|060|5405|5405|0,00|0,00|0,00|0,00|0,00|0,00|0|53||0,00|0,00|0,00|04|0,00|0,00|||0,00|04|0,00|0,00|||0,00||0,00|
|C190|060|5405|0,00|489,00|0,00|0,00|0,00|0,00|0,00|0,00||
|C100|1|0||55|02|001|19614|21191005656386000108550010000196141999949037|||||||||||||||||||||
|C100|1|0|4513|55|00|001|19615|21191005656386000108550010000196151999949026|09102019|09102019|1700,00|2|0,00||1700,00|9|0,00|0,00|0,00|0,00|0,00|0,00|0,00|0,00|0,00|0,00|||
|C170|1|F0829|ACUM ELET F60DN PIONEIRO|10,00000|UN|1700,00|0,00|1|060|5104|5104|0,00|0,00|0,00|0,00|0,00|0,00|0|53||0,00|0,00|0,00|04|0,00|0,00|||0,00|04|0,00|0,00|||0,00||0,00|
|C190|060|5104|0,00|1700,00|0,00|0,00|0,00|0,00|0,00|0,00||
|C100|1|0|5622|55|00|001|19616|21191005656386000108550010000196161999949015|09102019|09102019|868,00|2|0,00||868,00|9|0,00|0,00|0,00|0,00|0,00|0,00|0,00|0,00|0,00|0,00|||
|C170|1|F0829|ACUM ELET F60DN PIONEIRO|2,00000|UN|330,00|0,00|0|060|5405|5405|0,00|0,00|0,00|0,00|0,00|0,00|0|53||0,00|0,00|0,00|04|0,00|0,00|||0,00|04|0,00|0,00|||0,00||0,00|
|C170|2|F1281|ACUM. ELET. EFB72D PIONEIRO|1,00000|UN|538,00|0,00|0|060|5405|5405|0,00|0,00|0,00|0,00|0,00|0,00|0|53||0,00|0,00|0,00|04|0,00|0,00|||0,00|04|0,00|0,00|||0,00||0,00|
|C190|060|5405|0,00|868,00|0,00|0,00|0,00|0,00|0,00|0,00||
|C100|1|0|4513|55|00|001|19617|21191005656386000108550010000196171999949004|09102019|09102019|1560,00|2|0,00||1560,00|9|0,00|0,00|0,00|0,00|0,00|0,00|0,00|0,00|0,00|0,00|||
|C170|1|8001|ACUM ELET MBR 5BS|24,00000|UN|1560,00|0,00|0|060|5405|5405|0,00|0,00|0,00|0,00|0,00|0,00|0|53||0,00|0,00|0,00|04|0,00|0,00|||0,00|04|0,00|0,00|||0,00||0,00|
|C190|060|5405|0,00|1560,00|0,00|0,00|0,00|0,00|0,00|0,00||
|C100|1|0|4513|55|00|001|19618|21191005656386000108550010000196181999948994|09102019|09102019|65,00|2|0,00||65,00|9|0,00|0,00|0,00|0,00|0,00|0,00|0,00|0,00|0,00|0,00|||
|C170|1|8001|ACUM ELET MBR 5BS|1,00000|UN|65,00|0,00|0|060|5910|5910|0,00|0,00|0,00|0,00|0,00|0,00|0|53||0,00|0,00|0,00|04|0,00|0,00|||0,00|04|0,00|0,00|||0,00||0,00|
|C190|060|5910|0,00|65,00|0,00|0,00|0,00|0,00|0,00|0,00||
|C100|1|0|2596|55|00|001|19619|21191005656386000108550010000196191999948983|09102019|09102019|858,00|2|0,00||858,00|9|0,00|0,00|0,00|0,00|0,00|0,00|0,00|0,00|0,00|0,00|||
|C170|1|F1105|ACUM ELET F90CD PIONEIRO|1,00000|UN|374,00|0,00|1|060|5104|5104|0,00|0,00|0,00|0,00|0,00|0,00|0|53||0,00|0,00|0,00|04|0,00|0,00|||0,00|04|0,00|0,00|||0,00||0,00|
|C170|2|F0012|ACUM ELET F60DG PIONEIRO|2,00000|UN|484,00|0,00|1|060|5104|5104|0,00|0,00|0,00|0,00|0,00|0,00|0|53||0,00|0,00|0,00|04|0,00|0,00|||0,00|04|0,00|0,00|||0,00||0,00|
|C190|060|5104|0,00|858,00|0,00|0,00|0,00|0,00|0,00|0,00||
|C100|1|0|4937|55|00|001|19620|21191005656386000108550010000196201999948976|09102019|09102019|86,00|2|0,00||86,00|9|0,00|0,00|0,00|0,00|0,00|0,00|0,00|0,00|0,00|0,00|||
|C170|1|8008|ACUM ELET MBR 6BS|1,00000|UN|86,00|0,00|0|060|5405|5405|0,00|0,00|0,00|0,00|0,00|0,00|0|53||0,00|0,00|0,00|04|0,00|0,00|||0,00|04|0,00|0,00|||0,00||0,00|
|C190|060|5405|0,00|86,00|0,00|0,00|0,00|0,00|0,00|0,00||
|C100|1|0|6699|55|00|001|19621|21191005656386000108550010000196211999948965|09102019|09102019|340,00|2|0,00||340,00|9|0,00|0,00|0,00|0,00|0,00|0,00|0,00|0,00|0,00|0,00|||
|C170|1|F0012|ACUM ELET F60DG PIONEIRO|1,00000|UN|340,00|0,00|0|060|5405|5405|0,00|0,00|0,00|0,00|0,00|0,00|0|53||0,00|0,00|0,00|04|0,00|0,00|||0,00|04|0,00|0,00|||0,00||0,00|
|C190|060|5405|0,00|340,00|0,00|0,00|0,00|0,00|0,00|0,00||
|C100|1|0|1041|55|00|001|19629|21191005656386000108550010000196291999948882|09102019|09102019|705,00|2|0,00||705,00|9|0,00|0,00|0,00|0,00|0,00|0,00|0,00|0,00|0,00|0,00|||
|C170|1|F0012|ACUM ELET F60DG PIONEIRO|3,00000|UN|705,00|0,00|0|060|5405|5405|0,00|0,00|0,00|0,00|0,00|0,00|0|53||0,00|0,00|0,00|04|0,00|0,00|||0,00|04|0,00|0,00|||0,00||0,00|
|C190|060|5405|0,00|705,00|0,00|0,00|0,00|0,00|0,00|0,00||
|C100|1|0|6940|55|00|001|19623|21191005656386000108550010000196231999948943|09102019|09102019|170,00|2|0,00||170,00|9|0,00|0,00|0,00|0,00|0,00|0,00|0,00|0,00|0,00|0,00|||
|C170|1|F0012|ACUM ELET F60DG PIONEIRO|1,00000|UN|170,00|0,00|0|060|5405|5405|0,00|0,00|0,00|0,00|0,00|0,00|0|53||0,00|0,00|0,00|04|0,00|0,00|||0,00|04|0,00|0,00|||0,00||0,00|
|C190|060|5405|0,00|170,00|0,00|0,00|0,00|0,00|0,00|0,00||
|C100|1|0|2982|55|00|001|19627|21191005656386000108550010000196271999948900|09102019|09102019|940,00|2|0,00||940,00|9|0,00|0,00|0,00|0,00|0,00|0,00|0,00|0,00|0,00|0,00|||
|C170|1|F0012|ACUM ELET F60DG PIONEIRO|2,00000|UN|584,00|0,00|0|060|5405|5405|0,00|0,00|0,00|0,00|0,00|0,00|0|53||0,00|0,00|0,00|04|0,00|0,00|||0,00|04|0,00|0,00|||0,00||0,00|
|C170|2|F0018|ACUM ELET F70DG PIONEIRO|1,00000|UN|356,00|0,00|0|060|5405|5405|0,00|0,00|0,00|0,00|0,00|0,00|0|53||0,00|0,00|0,00|04|0,00|0,00|||0,00|04|0,00|0,00|||0,00||0,00|
|C190|060|5405|0,00|940,00|0,00|0,00|0,00|0,00|0,00|0,00||
|C100|1|0|6826|55|00|001|19624|21191005656386000108550010000196241999948932|09102019|09102019|432,00|2|0,00||432,00|9|0,00|0,00|0,00|0,00|0,00|0,00|0,00|0,00|0,00|0,00|||
|C170|1|F0012|ACUM ELET F60DG PIONEIRO|1,00000|UN|242,00|0,00|1|060|5104|5104|0,00|0,00|0,00|0,00|0,00|0,00|0|53||0,00|0,00|0,00|04|0,00|0,00|||0,00|04|0,00|0,00|||0,00||0,00|
|C170|2|F0436|ACUM ELET F45D PIONEIRO|1,00000|UN|190,00|0,00|1|060|5104|5104|0,00|0,00|0,00|0,00|0,00|0,00|0|53||0,00|0,00|0,00|04|0,00|0,00|||0,00|04|0,00|0,00|||0,00||0,00|
|C190|060|5104|0,00|432,00|0,00|0,00|0,00|0,00|0,00|0,00||
|C100|1|0|6915|55|00|001|19626|21191005656386000108550010000196261999948910|09102019|09102019|904,00|2|0,00||904,00|9|0,00|0,00|0,00|0,00|0,00|0,00|0,00|0,00|0,00|0,00|||
|C170|1|F0012|ACUM ELET F60DG PIONEIRO|4,00000|UN|904,00|0,00|0|060|5405|5405|0,00|0,00|0,00|0,00|0,00|0,00|0|53||0,00|0,00|0,00|04|0,00|0,00|||0,00|04|0,00|0,00|||0,00||0,00|
|C190|060|5405|0,00|904,00|0,00|0,00|0,00|0,00|0,00|0,00||
|C100|1|0|6057|55|00|001|19625|21191005656386000108550010000196251999948921|09102019|09102019|908,00|2|0,00||908,00|9|0,00|0,00|0,00|0,00|0,00|0,00|0,00|0,00|0,00|0,00|||
|C170|1|F0188|ACUM ELET F60D PIONEIRO|4,00000|UN|908,00|0,00|0|060|5405|5405|0,00|0,00|0,00|0,00|0,00|0,00|0|53||0,00|0,00|0,00|04|0,00|0,00|||0,00|04|0,00|0,00|||0,00||0,00|
|C190|060|5405|0,00|908,00|0,00|0,00|0,00|0,00|0,00|0,00||
|C100|1|0|4840|55|00|001|19628|21191005656386000108550010000196281999948893|09102019|09102019|508,00|2|0,00||508,00|9|0,00|0,00|0,00|0,00|0,00|0,00|0,00|0,00|0,00|0,00|||
|C170|1|8008|ACUM ELET MBR 6BS|1,00000|UN|85,50|0,00|1|060|5104|5104|0,00|0,00|0,00|0,00|0,00|0,00|0|53||0,00|0,00|0,00|04|0,00|0,00|||0,00|04|0,00|0,00|||0,00||0,00|
|C170|2|F0012|ACUM ELET F60DG PIONEIRO|1,00000|UN|242,00|0,00|1|060|5104|5104|0,00|0,00|0,00|0,00|0,00|0,00|0|53||0,00|0,00|0,00|04|0,00|0,00|||0,00|04|0,00|0,00|||0,00||0,00|
|C170|3|F0436|ACUM ELET F45D PIONEIRO|1,00000|UN|180,50|0,00|1|060|5104|5104|0,00|0,00|0,00|0,00|0,00|0,00|0|53||0,00|0,00|0,00|04|0,00|0,00|||0,00|04|0,00|0,00|||0,00||0,00|
|C190|060|5104|0,00|508,00|0,00|0,00|0,00|0,00|0,00|0,00||
|C100|1|0|6894|55|00|001|19630|21191005656386000108550010000196301999948875|09102019|09102019|277,00|2|0,00||277,00|9|0,00|0,00|0,00|0,00|0,00|0,00|0,00|0,00|0,00|0,00|||
|C170|1|F0012|ACUM ELET F60DG PIONEIRO|1,00000|UN|277,00|0,00|0|060|5405|5405|0,00|0,00|0,00|0,00|0,00|0,00|0|53||0,00|0,00|0,00|04|0,00|0,00|||0,00|04|0,00|0,00|||0,00||0,00|
|C190|060|5405|0,00|277,00|0,00|0,00|0,00|0,00|0,00|0,00||
|C100|1|0|6424|55|00|001|19632|21191005656386000108550010000196321999948853|09102019|09102019|765,00|2|0,00||765,00|9|0,00|0,00|0,00|0,00|0,00|0,00|0,00|0,00|0,00|0,00|||
|C170|1|8001|ACUM ELET MBR 5BS|1,00000|UN|105,00|0,00|0|060|5405|5405|0,00|0,00|0,00|0,00|0,00|0,00|0|53||0,00|0,00|0,00|04|0,00|0,00|||0,00|04|0,00|0,00|||0,00||0,00|
|C170|2|F0829|ACUM ELET F60DN PIONEIRO|4,00000|UN|660,00|0,00|0|060|5405|5405|0,00|0,00|0,00|0,00|0,00|0,00|0|53||0,00|0,00|0,00|04|0,00|0,00|||0,00|04|0,00|0,00|||0,00||0,00|
|C190|060|5405|0,00|765,00|0,00|0,00|0,00|0,00|0,00|0,00||
|C100|1|0|7166|55|00|001|19631|21191005656386000108550010000196311999948864|09102019|09102019|1116,00|2|0,00||1116,00|9|0,00|0,00|0,00|0,00|0,00|0,00|0,00|0,00|0,00|0,00|||
|C170|1|8008|ACUM ELET MBR 6BS|6,00000|UN|588,00|0,00|1|060|5104|5104|0,00|0,00|0,00|0,00|0,00|0,00|0|53||0,00|0,00|0,00|04|0,00|0,00|||0,00|04|0,00|0,00|||0,00||0,00|
|C170|2|8001|ACUM ELET MBR 5BS|6,00000|UN|528,00|0,00|1|060|5104|5104|0,00|0,00|0,00|0,00|0,00|0,00|0|53||0,00|0,00|0,00|04|0,00|0,00|||0,00|04|0,00|0,00|||0,00||0,00|
|C190|060|5104|0,00|1116,00|0,00|0,00|0,00|0,00|0,00|0,00||
|C100|1|0|6225|55|00|001|19633|21191005656386000108550010000196331999948842|10102019|10102019|546,00|2|0,00||546,00|9|0,00|0,00|0,00|0,00|0,00|0,00|0,00|0,00|0,00|0,00|||
|C170|1|8008|ACUM ELET MBR 6BS|6,00000|UN|546,00|0,00|1|060|5104|5104|0,00|0,00|0,00|0,00|0,00|0,00|0|53||0,00|0,00|0,00|04|0,00|0,00|||0,00|04|0,00|0,00|||0,00||0,00|
|C190|060|5104|0,00|546,00|0,00|0,00|0,00|0,00|0,00|0,00||
|C100|1|0|5207|55|00|001|19634|21191005656386000108550010000196341999948831|10102019|10102019|1038,00|2|0,00||1038,00|9|0,00|0,00|0,00|0,00|0,00|0,00|0,00|0,00|0,00|0,00|||
|C170|1|F0829|ACUM ELET F60DN PIONEIRO|2,00000|UN|450,00|0,00|1|060|5104|5104|0,00|0,00|0,00|0,00|0,00|0,00|0|53||0,00|0,00|0,00|04|0,00|0,00|||0,00|04|0,00|0,00|||0,00||0,00|
|C170|2|8008|ACUM ELET MBR 6BS|6,00000|UN|588,00|0,00|1|060|5104|5104|0,00|0,00|0,00|0,00|0,00|0,00|0|53||0,00|0,00|0,00|04|0,00|0,00|||0,00|04|0,00|0,00|||0,00||0,00|
|C190|060|5104|0,00|1038,00|0,00|0,00|0,00|0,00|0,00|0,00||
|C100|1|0|6376|55|00|001|19635|21191005656386000108550010000196351999948820|10102019|10102019|207,00|2|0,00||207,00|9|0,00|0,00|0,00|0,00|0,00|0,00|0,00|0,00|0,00|0,00|||
|C170|1|F0829|ACUM ELET F60DN PIONEIRO|1,00000|UN|207,00|0,00|0|060|5405|5405|0,00|0,00|0,00|0,00|0,00|0,00|0|53||0,00|0,00|0,00|04|0,00|0,00|||0,00|04|0,00|0,00|||0,00||0,00|
|C190|060|5405|0,00|207,00|0,00|0,00|0,00|0,00|0,00|0,00||
|C100|1|0|6248|55|00|001|19636|21191005656386000108550010000196361999948810|10102019|10102019|616,00|2|0,00||616,00|9|0,00|0,00|0,00|0,00|0,00|0,00|0,00|0,00|0,00|0,00|||
|C170|1|8001|ACUM ELET MBR 5BS|8,00000|UN|616,00|0,00|0|060|5405|5405|0,00|0,00|0,00|0,00|0,00|0,00|0|53||0,00|0,00|0,00|04|0,00|0,00|||0,00|04|0,00|0,00|||0,00||0,00|
|C190|060|5405|0,00|616,00|0,00|0,00|0,00|0,00|0,00|0,00||
|C100|1|0|6400|55|00|001|19637|21191005656386000108550010000196371999948809|10102019|10102019|2818,00|2|0,00||2818,00|9|0,00|0,00|0,00|0,00|0,00|0,00|0,00|0,00|0,00|0,00|||
|C170|1|F1105|ACUM ELET F90CD PIONEIRO|2,00000|UN|928,00|0,00|1|060|5104|5104|0,00|0,00|0,00|0,00|0,00|0,00|0|53||0,00|0,00|0,00|04|0,00|0,00|||0,00|04|0,00|0,00|||0,00||0,00|
|C170|2|F0012|ACUM ELET F60DG PIONEIRO|4,00000|UN|1156,00|0,00|1|060|5104|5104|0,00|0,00|0,00|0,00|0,00|0,00|0|53||0,00|0,00|0,00|04|0,00|0,00|||0,00|04|0,00|0,00|||0,00||0,00|
|C170|3|F0018|ACUM ELET F70DG PIONEIRO|2,00000|UN|734,00|0,00|1|060|5104|5104|0,00|0,00|0,00|0,00|0,00|0,00|0|53||0,00|0,00|0,00|04|0,00|0,00|||0,00|04|0,00|0,00|||0,00||0,00|
|C190|060|5104|0,00|2818,00|0,00|0,00|0,00|0,00|0,00|0,00||
|C100|1|0|4971|55|00|001|19638|21191005656386000108550010000196381999948792|10102019|10102019|1444,68|2|0,00||1444,68|9|0,00|0,00|0,00|0,00|0,00|0,00|0,00|0,00|0,00|0,00|||
|C170|1|8001|ACUM ELET MBR 5BS|18,00000|UN|1444,68|0,00|0|060|5405|5405|0,00|0,00|0,00|0,00|0,00|0,00|0|53||0,00|0,00|0,00|04|0,00|0,00|||0,00|04|0,00|0,00|||0,00||0,00|
|C190|060|5405|0,00|1444,68|0,00|0,00|0,00|0,00|0,00|0,00||
|C100|1|0|4971|55|00|001|19639|21191005656386000108550010000196391999948781|10102019|10102019|80,26|2|0,00||80,26|9|0,00|0,00|0,00|0,00|0,00|0,00|0,00|0,00|0,00|0,00|||
|C170|1|8001|ACUM ELET MBR 5BS|1,00000|UN|80,26|0,00|0|060|5910|5910|0,00|0,00|0,00|0,00|0,00|0,00|0|53||0,00|0,00|0,00|04|0,00|0,00|||0,00|04|0,00|0,00|||0,00||0,00|
|C190|060|5910|0,00|80,26|0,00|0,00|0,00|0,00|0,00|0,00||
|C100|1|0|6995|55|00|001|19640|21191005656386000108550010000196401999948774|10102019|10102019|318,00|2|0,00||318,00|9|0,00|0,00|0,00|0,00|0,00|0,00|0,00|0,00|0,00|0,00|||
|C170|1|F1101|ACUM ELET F75PD PIONEIRO|1,00000|UN|318,00|0,00|0|060|5405|5405|0,00|0,00|0,00|0,00|0,00|0,00|0|53||0,00|0,00|0,00|04|0,00|0,00|||0,00|04|0,00|0,00|||0,00||0,00|
|C190|060|5405|0,00|318,00|0,00|0,00|0,00|0,00|0,00|0,00||
|C100|1|0|6995|55|00|001|19641|21191005656386000108550010000196411999948763|10102019|10102019|867,00|2|0,00||867,00|9|0,00|0,00|0,00|0,00|0,00|0,00|0,00|0,00|0,00|0,00|||
|C170|1|B0273|ACUM ELET B110E PIONEIRO|1,00000|UN|383,00|0,00|1|060|5104|5104|0,00|0,00|0,00|0,00|0,00|0,00|0|53||0,00|0,00|0,00|04|0,00|0,00|||0,00|04|0,00|0,00|||0,00||0,00|
|C170|2|F0012|ACUM ELET F60DG PIONEIRO|2,00000|UN|484,00|0,00|1|060|5104|5104|0,00|0,00|0,00|0,00|0,00|0,00|0|53||0,00|0,00|0,00|04|0,00|0,00|||0,00|04|0,00|0,00|||0,00||0,00|
|C190|060|5104|0,00|867,00|0,00|0,00|0,00|0,00|0,00|0,00||
|C100|1|0|7060|55|00|001|19642|21191005656386000108550010000196421999948752|10102019|10102019|498,00|2|0,00||498,00|9|0,00|0,00|0,00|0,00|0,00|0,00|0,00|0,00|0,00|0,00|||
|C170|1|8001|ACUM ELET MBR 5BS|4,00000|UN|320,00|0,00|0|060|5405|5405|0,00|0,00|0,00|0,00|0,00|0,00|0|53||0,00|0,00|0,00|04|0,00|0,00|||0,00|04|0,00|0,00|||0,00||0,00|
|C170|2|8003|ACUM ELET MBR 7BS|2,00000|UN|178,00|0,00|0|060|5405|5405|0,00|0,00|0,00|0,00|0,00|0,00|0|53||0,00|0,00|0,00|04|0,00|0,00|||0,00|04|0,00|0,00|||0,00||0,00|
|C190|060|5405|0,00|498,00|0,00|0,00|0,00|0,00|0,00|0,00||
|C100|1|0|2953|55|00|001|19643|21191005656386000108550010000196431999948741|10102019|10102019|1736,00|2|0,00||1736,00|9|0,00|0,00|0,00|0,00|0,00|0,00|0,00|0,00|0,00|0,00|||
|C170|1|8025|ACUM ELET MBR 14BS|8,00000|UN|1736,00|0,00|1|060|5104|5104|0,00|0,00|0,00|0,00|0,00|0,00|0|53||0,00|0,00|0,00|04|0,00|0,00|||0,00|04|0,00|0,00|||0,00||0,00|
|C190|060|5104|0,00|1736,00|0,00|0,00|0,00|0,00|0,00|0,00||
|C100|1|0|4497|55|00|001|19644|21191005656386000108550010000196441999948730|10102019|10102019|1736,00|2|0,00||1736,00|9|0,00|0,00|0,00|0,00|0,00|0,00|0,00|0,00|0,00|0,00|||
|C170|1|8025|ACUM ELET MBR 14BS|8,00000|UN|1736,00|0,00|1|060|5104|5104|0,00|0,00|0,00|0,00|0,00|0,00|0|53||0,00|0,00|0,00|04|0,00|0,00|||0,00|04|0,00|0,00|||0,00||0,00|
|C190|060|5104|0,00|1736,00|0,00|0,00|0,00|0,00|0,00|0,00||
|C100|1|0|6641|55|00|001|19645|21191005656386000108550010000196451999948720|10102019|10102019|1268,00|2|0,00||1268,00|9|0,00|0,00|0,00|0,00|0,00|0,00|0,00|0,00|0,00|0,00|||
|C170|1|B0357|ACUM ELET B100EP PIONEIRO|2,00000|UN|720,00|0,00|0|060|5405|5405|0,00|0,00|0,00|0,00|0,00|0,00|0|53||0,00|0,00|0,00|04|0,00|0,00|||0,00|04|0,00|0,00|||0,00||0,00|
|C170|2|B0006|ACUM ELET B150DG PIONEIRO|1,00000|UN|548,00|0,00|0|060|5405|5405|0,00|0,00|0,00|0,00|0,00|0,00|0|53||0,00|0,00|0,00|04|0,00|0,00|||0,00|04|0,00|0,00|||0,00||0,00|
|C190|060|5405|0,00|1268,00|0,00|0,00|0,00|0,00|0,00|0,00||
|C100|1|0|7120|55|00|001|19646|21191005656386000108550010000196461999948719|10102019|10102019|576,00|2|0,00||576,00|9|0,00|0,00|0,00|0,00|0,00|0,00|0,00|0,00|0,00|0,00|||
|C170|1|8003|ACUM ELET MBR 7BS|6,00000|UN|576,00|0,00|1|060|5104|5104|0,00|0,00|0,00|0,00|0,00|0,00|0|53||0,00|0,00|0,00|04|0,00|0,00|||0,00|04|0,00|0,00|||0,00||0,00|
|C190|060|5104|0,00|576,00|0,00|0,00|0,00|0,00|0,00|0,00||
|C100|1|0|7120|55|00|001|19647|21191005656386000108550010000196471999948708|10102019|10102019|1080,00|2|0,00||1080,00|9|0,00|0,00|0,00|0,00|0,00|0,00|0,00|0,00|0,00|0,00|||
|C170|1|8008|ACUM ELET MBR 6BS|12,00000|UN|1080,00|0,00|1|060|5104|5104|0,00|0,00|0,00|0,00|0,00|0,00|0|53||0,00|0,00|0,00|04|0,00|0,00|||0,00|04|0,00|0,00|||0,00||0,00|
|C190|060|5104|0,00|1080,00|0,00|0,00|0,00|0,00|0,00|0,00||
|C100|1|0|7120|55|00|001|19648|21191005656386000108550010000196481999948691|10102019|10102019|558,00|2|0,00||558,00|9|0,00|0,00|0,00|0,00|0,00|0,00|0,00|0,00|0,00|0,00|||
|C170|1|8008|ACUM ELET MBR 6BS|6,00000|UN|558,00|0,00|1|060|5104|5104|0,00|0,00|0,00|0,00|0,00|0,00|0|53||0,00|0,00|0,00|04|0,00|0,00|||0,00|04|0,00|0,00|||0,00||0,00|
|C190|060|5104|0,00|558,00|0,00|0,00|0,00|0,00|0,00|0,00||
|C100|1|0|6798|55|00|001|19649|21191005656386000108550010000196491999948680|10102019|10102019|250,00|2|0,00||250,00|9|0,00|0,00|0,00|0,00|0,00|0,00|0,00|0,00|0,00|0,00|||
|C170|1|F0012|ACUM ELET F60DG PIONEIRO|1,00000|UN|250,00|0,00|0|060|5405|5405|0,00|0,00|0,00|0,00|0,00|0,00|0|53||0,00|0,00|0,00|04|0,00|0,00|||0,00|04|0,00|0,00|||0,00||0,00|
|C190|060|5405|0,00|250,00|0,00|0,00|0,00|0,00|0,00|0,00||
|C100|1|0|6718|55|00|001|19650|21191005656386000108550010000196501999948673|10102019|10102019|546,00|2|0,00||546,00|9|0,00|0,00|0,00|0,00|0,00|0,00|0,00|0,00|0,00|0,00|||
|C170|1|8008|ACUM ELET MBR 6BS|6,00000|UN|546,00|0,00|1|060|5104|5104|0,00|0,00|0,00|0,00|0,00|0,00|0|53||0,00|0,00|0,00|04|0,00|0,00|||0,00|04|0,00|0,00|||0,00||0,00|
|C190|060|5104|0,00|546,00|0,00|0,00|0,00|0,00|0,00|0,00||
|C100|1|0|6718|55|00|001|19651|21191005656386000108550010000196511999948662|10102019|10102019|872,00|2|0,00||872,00|9|0,00|0,00|0,00|0,00|0,00|0,00|0,00|0,00|0,00|0,00|||
|C170|1|8003|ACUM ELET MBR 7BS|4,00000|UN|350,00|0,00|1|060|5104|5104|0,00|0,00|0,00|0,00|0,00|0,00|0|53||0,00|0,00|0,00|04|0,00|0,00|||0,00|04|0,00|0,00|||0,00||0,00|
|C170|2|8008|ACUM ELET MBR 6BS|6,00000|UN|522,00|0,00|1|060|5104|5104|0,00|0,00|0,00|0,00|0,00|0,00|0|53||0,00|0,00|0,00|04|0,00|0,00|||0,00|04|0,00|0,00|||0,00||0,00|
|C190|060|5104|0,00|872,00|0,00|0,00|0,00|0,00|0,00|0,00||
|C100|1|0|7167|55|00|001|19652|21191005656386000108550010000196521999948651|10102019|10102019|140,00|2|0,00||140,00|9|0,00|0,00|0,00|0,00|0,00|0,00|0,00|0,00|0,00|0,00|||
|C170|1|8008|ACUM ELET MBR 6BS|1,00000|UN|140,00|0,00|0|060|5405|5405|0,00|0,00|0,00|0,00|0,00|0,00|0|53||0,00|0,00|0,00|04|0,00|0,00|||0,00|04|0,00|0,00|||0,00||0,00|
|C190|060|5405|0,00|140,00|0,00|0,00|0,00|0,00|0,00|0,00||
|C100|1|0|6256|55|00|001|19653|21191005656386000108550010000196531999948640|11102019|11102019|483,00|2|0,00||483,00|9|0,00|0,00|0,00|0,00|0,00|0,00|0,00|0,00|0,00|0,00|||
|C170|1|8001|ACUM ELET MBR 5BS|3,00000|UN|231,00|0,00|0|060|5405|5405|0,00|0,00|0,00|0,00|0,00|0,00|0|53||0,00|0,00|0,00|04|0,00|0,00|||0,00|04|0,00|0,00|||0,00||0,00|
|C170|2|8001|ACUM ELET MBR 5BS|3,00000|UN|252,00|0,00|0|060|5405|5405|0,00|0,00|0,00|0,00|0,00|0,00|0|53||0,00|0,00|0,00|04|0,00|0,00|||0,00|04|0,00|0,00|||0,00||0,00|
|C190|060|5405|0,00|483,00|0,00|0,00|0,00|0,00|0,00|0,00||
|C100|1|0|5729|55|00|001|19654|21191005656386000108550010000196541999948630|11102019|11102019|1329,84|2|0,00||1329,84|9|0,00|0,00|0,00|0,00|0,00|0,00|0,00|0,00|0,00|0,00|||
|C170|1|8001|ACUM ELET MBR 5BS|18,00000|UN|1329,84|0,00|0|060|5405|5405|0,00|0,00|0,00|0,00|0,00|0,00|0|53||0,00|0,00|0,00|04|0,00|0,00|||0,00|04|0,00|0,00|||0,00||0,00|
|C190|060|5405|0,00|1329,84|0,00|0,00|0,00|0,00|0,00|0,00||
|C100|1|0|5729|55|00|001|19655|21191005656386000108550010000196551999948629|11102019|11102019|73,88|2|0,00||73,88|9|0,00|0,00|0,00|0,00|0,00|0,00|0,00|0,00|0,00|0,00|||
|C170|1|8001|ACUM ELET MBR 5BS|1,00000|UN|73,88|0,00|0|060|5910|5910|0,00|0,00|0,00|0,00|0,00|0,00|0|53||0,00|0,00|0,00|04|0,00|0,00|||0,00|04|0,00|0,00|||0,00||0,00|
|C190|060|5910|0,00|73,88|0,00|0,00|0,00|0,00|0,00|0,00||
|C100|1|0|6899|55|00|001|19656|21191005656386000108550010000196561999948618|11102019|11102019|380,00|2|0,00||380,00|9|0,00|0,00|0,00|0,00|0,00|0,00|0,00|0,00|0,00|0,00|||
|C170|1|F0012|ACUM ELET F60DG PIONEIRO|1,00000|UN|380,00|0,00|0|060|5405|5405|0,00|0,00|0,00|0,00|0,00|0,00|0|53||0,00|0,00|0,00|04|0,00|0,00|||0,00|04|0,00|0,00|||0,00||0,00|
|C190|060|5405|0,00|380,00|0,00|0,00|0,00|0,00|0,00|0,00||
|C100|1|0|6983|55|00|001|19657|21191005656386000108550010000196571999948607|11102019|11102019|1194,00|2|0,00||1194,00|9|0,00|0,00|0,00|0,00|0,00|0,00|0,00|0,00|0,00|0,00|||
|C170|1|8025|ACUM ELET MBR 14BS|6,00000|UN|1194,00|0,00|0|060|5405|5405|0,00|0,00|0,00|0,00|0,00|0,00|0|53||0,00|0,00|0,00|04|0,00|0,00|||0,00|04|0,00|0,00|||0,00||0,00|
|C190|060|5405|0,00|1194,00|0,00|0,00|0,00|0,00|0,00|0,00||
|C100|1|0|5601|55|00|001|19658|21191005656386000108550010000196581999948590|11102019|11102019|1318,00|2|0,00||1318,00|9|0,00|0,00|0,00|0,00|0,00|0,00|0,00|0,00|0,00|0,00|||
|C170|1|F0012|ACUM ELET F60DG PIONEIRO|3,00000|UN|726,00|0,00|0|060|5405|5405|0,00|0,00|0,00|0,00|0,00|0,00|0|53||0,00|0,00|0,00|04|0,00|0,00|||0,00|04|0,00|0,00|||0,00||0,00|
|C170|2|F0018|ACUM ELET F70DG PIONEIRO|2,00000|UN|592,00|0,00|0|060|5405|5405|0,00|0,00|0,00|0,00|0,00|0,00|0|53||0,00|0,00|0,00|04|0,00|0,00|||0,00|04|0,00|0,00|||0,00||0,00|
|C190|060|5405|0,00|1318,00|0,00|0,00|0,00|0,00|0,00|0,00||
|C100|1|0|5794|55|00|001|19659|21191005656386000108550010000196591999948580|11102019|11102019|94,00|2|0,00||94,00|9|0,00|0,00|0,00|0,00|0,00|0,00|0,00|0,00|0,00|0,00|||
|C170|1|8008|ACUM ELET MBR 6BS|1,00000|UN|94,00|0,00|0|060|5405|5405|0,00|0,00|0,00|0,00|0,00|0,00|0|53||0,00|0,00|0,00|04|0,00|0,00|||0,00|04|0,00|0,00|||0,00||0,00|
|C190|060|5405|0,00|94,00|0,00|0,00|0,00|0,00|0,00|0,00||
|C100|1|0|5719|55|00|001|19660|21191005656386000108550010000196601999948572|11102019|11102019|594,00|2|0,00||594,00|9|0,00|0,00|0,00|0,00|0,00|0,00|0,00|0,00|0,00|0,00|||
|C170|1|8008|ACUM ELET MBR 6BS|6,00000|UN|594,00|0,00|1|060|5104|5104|0,00|0,00|0,00|0,00|0,00|0,00|0|53||0,00|0,00|0,00|04|0,00|0,00|||0,00|04|0,00|0,00|||0,00||0,00|
|C190|060|5104|0,00|594,00|0,00|0,00|0,00|0,00|0,00|0,00||
|C100|1|0|7160|55|00|001|19661|21191005656386000108550010000196611999948561|11102019|11102019|184,00|2|0,00||184,00|9|0,00|0,00|0,00|0,00|0,00|0,00|0,00|0,00|0,00|0,00|||
|C170|1|8003|ACUM ELET MBR 7BS|2,00000|UN|184,00|0,00|0|060|5405|5405|0,00|0,00|0,00|0,00|0,00|0,00|0|53||0,00|0,00|0,00|04|0,00|0,00|||0,00|04|0,00|0,00|||0,00||0,00|
|C190|060|5405|0,00|184,00|0,00|0,00|0,00|0,00|0,00|0,00||
|C100|1|0|7169|55|00|001|19662|21191005656386000108550010000196621999948550|14102019|14102019|444,00|2|0,00||444,00|9|0,00|0,00|0,00|0,00|0,00|0,00|0,00|0,00|0,00|0,00|||
|C170|1|8001|ACUM ELET MBR 5BS|6,00000|UN|444,00|0,00|0|060|5405|5405|0,00|0,00|0,00|0,00|0,00|0,00|0|53||0,00|0,00|0,00|04|0,00|0,00|||0,00|04|0,00|0,00|||0,00||0,00|
|C190|060|5405|0,00|444,00|0,00|0,00|0,00|0,00|0,00|0,00||
|C100|1|0|5718|55|00|001|19663|21191005656386000108550010000196631999948540|14102019|14102019|1210,00|2|0,00||1210,00|9|0,00|0,00|0,00|0,00|0,00|0,00|0,00|0,00|0,00|0,00|||
|C170|1|F0012|ACUM ELET F60DG PIONEIRO|5,00000|UN|1210,00|0,00|0|060|5405|5405|0,00|0,00|0,00|0,00|0,00|0,00|0|53||0,00|0,00|0,00|04|0,00|0,00|||0,00|04|0,00|0,00|||0,00||0,00|
|C190|060|5405|0,00|1210,00|0,00|0,00|0,00|0,00|0,00|0,00||
|C100|1|0|5718|55|00|001|19664|21191005656386000108550010000196641999948539|14102019|14102019|98,00|2|0,00||98,00|9|0,00|0,00|0,00|0,00|0,00|0,00|0,00|0,00|0,00|0,00|||
|C170|1|8008|ACUM ELET MBR 6BS|1,00000|UN|98,00|0,00|1|060|5104|5104|0,00|0,00|0,00|0,00|0,00|0,00|0|53||0,00|0,00|0,00|04|0,00|0,00|||0,00|04|0,00|0,00|||0,00||0,00|
|C190|060|5104|0,00|98,00|0,00|0,00|0,00|0,00|0,00|0,00||
|C100|1|0|5182|55|00|001|19665|21191005656386000108550010000196651999948528|14102019|14102019|339,00|2|0,00||339,00|9|0,00|0,00|0,00|0,00|0,00|0,00|0,00|0,00|0,00|0,00|||
|C170|1|F1099|ACUM ELET F52DC PIONEIRO|1,00000|UN|339,00|0,00|0|060|5405|5405|0,00|0,00|0,00|0,00|0,00|0,00|0|53||0,00|0,00|0,00|04|0,00|0,00|||0,00|04|0,00|0,00|||0,00||0,00|
|C190|060|5405|0,00|339,00|0,00|0,00|0,00|0,00|0,00|0,00||
|C100|1|0|7170|55|00|001|19666|21191005656386000108550010000196661999948517|14102019|14102019|260,00|2|0,00||260,00|9|0,00|0,00|0,00|0,00|0,00|0,00|0,00|0,00|0,00|0,00|||
|C170|1|F0012|ACUM ELET F60DG PIONEIRO|1,00000|UN|260,00|0,00|0|060|5405|5405|0,00|0,00|0,00|0,00|0,00|0,00|0|53||0,00|0,00|0,00|04|0,00|0,00|||0,00|04|0,00|0,00|||0,00||0,00|
|C190|060|5405|0,00|260,00|0,00|0,00|0,00|0,00|0,00|0,00||
|C100|1|0|6058|55|00|001|19667|21191005656386000108550010000196671999948506|14102019|14102019|1200,00|2|0,00||1200,00|9|0,00|0,00|0,00|0,00|0,00|0,00|0,00|0,00|0,00|0,00|||
|C170|1|B0356|ACUM ELET B150DN PIONEIRO|2,00000|UN|1200,00|0,00|0|060|5405|5405|0,00|0,00|0,00|0,00|0,00|0,00|0|53||0,00|0,00|0,00|04|0,00|0,00|||0,00|04|0,00|0,00|||0,00||0,00|
|C190|060|5405|0,00|1200,00|0,00|0,00|0,00|0,00|0,00|0,00||
|C100|1|0|6963|55|00|001|19668|21191005656386000108550010000196681999948490|14102019|14102019|400,00|2|0,00||400,00|9|0,00|0,00|0,00|0,00|0,00|0,00|0,00|0,00|0,00|0,00|||
|C170|1|F0437|ACUM ELET F48GD PIONEIRO|2,00000|UN|400,00|0,00|0|060|5405|5405|0,00|0,00|0,00|0,00|0,00|0,00|0|53||0,00|0,00|0,00|04|0,00|0,00|||0,00|04|0,00|0,00|||0,00||0,00|
|C190|060|5405|0,00|400,00|0,00|0,00|0,00|0,00|0,00|0,00||
|C100|1|0|4550|55|00|001|19669|21191005656386000108550010000196691999948489|14102019|14102019|648,00|2|0,00||648,00|9|0,00|0,00|0,00|0,00|0,00|0,00|0,00|0,00|0,00|0,00|||
|C170|1|8008|ACUM ELET MBR 6BS|6,00000|UN|564,00|0,00|0|060|5405|5405|0,00|0,00|0,00|0,00|0,00|0,00|0|53||0,00|0,00|0,00|04|0,00|0,00|||0,00|04|0,00|0,00|||0,00||0,00|
|C170|2|8001|ACUM ELET MBR 5BS|1,00000|UN|84,00|0,00|0|060|5405|5405|0,00|0,00|0,00|0,00|0,00|0,00|0|53||0,00|0,00|0,00|04|0,00|0,00|||0,00|04|0,00|0,00|||0,00||0,00|
|C190|060|5405|0,00|648,00|0,00|0,00|0,00|0,00|0,00|0,00||
|C100|1|0|6546|55|00|001|19670|21191005656386000108550010000196701999948471|14102019|14102019|77,00|2|0,00||77,00|9|0,00|0,00|0,00|0,00|0,00|0,00|0,00|0,00|0,00|0,00|||
|C170|1|8001|ACUM ELET MBR 5BS|1,00000|UN|77,00|0,00|0|060|5405|5405|0,00|0,00|0,00|0,00|0,00|0,00|0|53||0,00|0,00|0,00|04|0,00|0,00|||0,00|04|0,00|0,00|||0,00||0,00|
|C190|060|5405|0,00|77,00|0,00|0,00|0,00|0,00|0,00|0,00||
|C100|1|0|4713|55|00|001|19671|21191005656386000108550010000196711999948460|15102019|15102019|462,00|2|0,00||462,00|9|0,00|0,00|0,00|0,00|0,00|0,00|0,00|0,00|0,00|0,00|||
|C170|1|8001|ACUM ELET MBR 5BS|6,00000|UN|462,00|0,00|0|060|5405|5405|0,00|0,00|0,00|0,00|0,00|0,00|0|53||0,00|0,00|0,00|04|0,00|0,00|||0,00|04|0,00|0,00|||0,00||0,00|
|C190|060|5405|0,00|462,00|0,00|0,00|0,00|0,00|0,00|0,00||
|C100|1|0||55|02|001|19672|21191005656386000108550010000196721999948450|||||||||||||||||||||
|C100|1|0|5882|55|00|001|19673|21191005656386000108550010000196731999948449|15102019|15102019|2621,00|2|0,00||2621,00|9|0,00|0,00|0,00|0,00|0,00|0,00|0,00|0,00|0,00|0,00|||
|C170|1|B0273|ACUM ELET B110E PIONEIRO|3,00000|UN|1149,00|0,00|0|060|5405|5405|0,00|0,00|0,00|0,00|0,00|0,00|0|53||0,00|0,00|0,00|04|0,00|0,00|||0,00|04|0,00|0,00|||0,00||0,00|
|C170|2|F0008|ACUM ELET F50D PIONEIRO|1,00000|UN|238,00|0,00|0|060|5405|5405|0,00|0,00|0,00|0,00|0,00|0,00|0|53||0,00|0,00|0,00|04|0,00|0,00|||0,00|04|0,00|0,00|||0,00||0,00|
|C170|3|F0018|ACUM ELET F70DG PIONEIRO|1,00000|UN|367,00|0,00|0|060|5405|5405|0,00|0,00|0,00|0,00|0,00|0,00|0|53||0,00|0,00|0,00|04|0,00|0,00|||0,00|04|0,00|0,00|||0,00||0,00|
|C170|4|F0012|ACUM ELET F60DG PIONEIRO|3,00000|UN|867,00|0,00|0|060|5405|5405|0,00|0,00|0,00|0,00|0,00|0,00|0|53||0,00|0,00|0,00|04|0,00|0,00|||0,00|04|0,00|0,00|||0,00||0,00|
|C190|060|5405|0,00|2621,00|0,00|0,00|0,00|0,00|0,00|0,00||
|C100|1|0|6403|55|00|001|19674|21191005656386000108550010000196741999948438|15102019|15102019|4008,00|2|0,00||4008,00|9|0,00|0,00|0,00|0,00|0,00|0,00|0,00|0,00|0,00|0,00|||
|C170|1|8008|ACUM ELET MBR 6BS|18,00000|UN|1764,00|0,00|0|060|5405|5405|0,00|0,00|0,00|0,00|0,00|0,00|0|53||0,00|0,00|0,00|04|0,00|0,00|||0,00|04|0,00|0,00|||0,00||0,00|
|C170|2|8001|ACUM ELET MBR 5BS|18,00000|UN|1584,00|0,00|0|060|5405|5405|0,00|0,00|0,00|0,00|0,00|0,00|0|53||0,00|0,00|0,00|04|0,00|0,00|||0,00|04|0,00|0,00|||0,00||0,00|
|C170|3|8003|ACUM ELET MBR 7BS|6,00000|UN|660,00|0,00|0|060|5405|5405|0,00|0,00|0,00|0,00|0,00|0,00|0|53||0,00|0,00|0,00|04|0,00|0,00|||0,00|04|0,00|0,00|||0,00||0,00|
|C190|060|5405|0,00|4008,00|0,00|0,00|0,00|0,00|0,00|0,00||
|C100|1|0|6403|55|00|001|19675|21191005656386000108550010000196751999948427|15102019|15102019|186,00|2|0,00||186,00|9|0,00|0,00|0,00|0,00|0,00|0,00|0,00|0,00|0,00|0,00|||
|C170|1|8008|ACUM ELET MBR 6BS|1,00000|UN|98,00|0,00|0|060|5910|5910|0,00|0,00|0,00|0,00|0,00|0,00|0|53||0,00|0,00|0,00|04|0,00|0,00|||0,00|04|0,00|0,00|||0,00||0,00|
|C170|2|8001|ACUM ELET MBR 5BS|1,00000|UN|88,00|0,00|0|060|5910|5910|0,00|0,00|0,00|0,00|0,00|0,00|0|53||0,00|0,00|0,00|04|0,00|0,00|||0,00|04|0,00|0,00|||0,00||0,00|
|C190|060|5910|0,00|186,00|0,00|0,00|0,00|0,00|0,00|0,00||
|C100|1|0||55|02|001|19676|21191005656386000108550010000196761999948416|||||||||||||||||||||
|C100|1|0|6095|55|00|001|19677|21191005656386000108550010000196771999948405|15102019|15102019|1176,00|2|0,00||1176,00|9|0,00|0,00|0,00|0,00|0,00|0,00|0,00|0,00|0,00|0,00|||
|C170|1|8008|ACUM ELET MBR 6BS|12,00000|UN|1176,00|0,00|0|060|5405|5405|0,00|0,00|0,00|0,00|0,00|0,00|0|53||0,00|0,00|0,00|04|0,00|0,00|||0,00|04|0,00|0,00|||0,00||0,00|
|C190|060|5405|0,00|1176,00|0,00|0,00|0,00|0,00|0,00|0,00||
|C100|1|0|6434|55|00|001|19678|21191005656386000108550010000196781999948399|15102019|15102019|1577,00|2|0,00||1577,00|9|0,00|0,00|0,00|0,00|0,00|0,00|0,00|0,00|0,00|0,00|||
|C170|1|F1101|ACUM ELET F75PD PIONEIRO|1,00000|UN|372,00|0,00|0|060|5405|5405|0,00|0,00|0,00|0,00|0,00|0,00|0|53||0,00|0,00|0,00|04|0,00|0,00|||0,00|04|0,00|0,00|||0,00||0,00|
|C170|2|F0018|ACUM ELET F70DG PIONEIRO|1,00000|UN|349,00|0,00|0|060|5405|5405|0,00|0,00|0,00|0,00|0,00|0,00|0|53||0,00|0,00|0,00|04|0,00|0,00|||0,00|04|0,00|0,00|||0,00||0,00|
|C170|3|F0829|ACUM ELET F60DN PIONEIRO|4,00000|UN|856,00|0,00|0|060|5405|5405|0,00|0,00|0,00|0,00|0,00|0,00|0|53||0,00|0,00|0,00|04|0,00|0,00|||0,00|04|0,00|0,00|||0,00||0,00|
|C190|060|5405|0,00|1577,00|0,00|0,00|0,00|0,00|0,00|0,00||
|C100|1|0|7136|55|00|001|19679|21191005656386000108550010000196791999948388|15102019|15102019|950,00|2|0,00||950,00|9|0,00|0,00|0,00|0,00|0,00|0,00|0,00|0,00|0,00|0,00|||
|C170|1|B0273|ACUM ELET B110E PIONEIRO|2,00000|UN|950,00|0,00|0|060|5405|5405|0,00|0,00|0,00|0,00|0,00|0,00|0|53||0,00|0,00|0,00|04|0,00|0,00|||0,00|04|0,00|0,00|||0,00||0,00|
|C190|060|5405|0,00|950,00|0,00|0,00|0,00|0,00|0,00|0,00||
|C100|1|0|7171|55|00|001|19680|21191005656386000108550010000196801999948370|15102019|15102019|3195,00|2|0,00||3195,00|9|0,00|0,00|0,00|0,00|0,00|0,00|0,00|0,00|0,00|0,00|||
|C170|1|B0006|ACUM ELET B150DG PIONEIRO|3,00000|UN|2022,00|0,00|0|060|5405|5405|0,00|0,00|0,00|0,00|0,00|0,00|0|53||0,00|0,00|0,00|04|0,00|0,00|||0,00|04|0,00|0,00|||0,00||0,00|
|C170|2|F1101|ACUM ELET F75PD PIONEIRO|3,00000|UN|1173,00|0,00|0|060|5405|5405|0,00|0,00|0,00|0,00|0,00|0,00|0|53||0,00|0,00|0,00|04|0,00|0,00|||0,00|04|0,00|0,00|||0,00||0,00|
|C190|060|5405|0,00|3195,00|0,00|0,00|0,00|0,00|0,00|0,00||
|C100|1|0|6661|55|00|001|19681|21191005656386000108550010000196811999948360|15102019|15102019|459,00|2|0,00||459,00|9|0,00|0,00|0,00|0,00|0,00|0,00|0,00|0,00|0,00|0,00|||
|C170|1|8003|ACUM ELET MBR 7BS|1,00000|UN|107,00|0,00|1|060|5104|5104|0,00|0,00|0,00|0,00|0,00|0,00|0|53||0,00|0,00|0,00|04|0,00|0,00|||0,00|04|0,00|0,00|||0,00||0,00|
|C170|2|8001|ACUM ELET MBR 5BS|4,00000|UN|352,00|0,00|1|060|5104|5104|0,00|0,00|0,00|0,00|0,00|0,00|0|53||0,00|0,00|0,00|04|0,00|0,00|||0,00|04|0,00|0,00|||0,00||0,00|
|C190|060|5104|0,00|459,00|0,00|0,00|0,00|0,00|0,00|0,00||
|C100|1|0|2347|55|00|001|19682|21191005656386000108550010000196821999948359|15102019|15102019|1050,00|2|0,00||1050,00|9|0,00|0,00|0,00|0,00|0,00|0,00|0,00|0,00|0,00|0,00|||
|C170|1|B0006|ACUM ELET B150DG PIONEIRO|2,00000|UN|1050,00|0,00|0|060|5405|5405|0,00|0,00|0,00|0,00|0,00|0,00|0|53||0,00|0,00|0,00|04|0,00|0,00|||0,00|04|0,00|0,00|||0,00||0,00|
|C190|060|5405|0,00|1050,00|0,00|0,00|0,00|0,00|0,00|0,00||
|C100|1|0|6413|55|00|001|19686|21191005656386000108550010000196861999948315|15102019|15102019|646,00|2|0,00||646,00|9|0,00|0,00|0,00|0,00|0,00|0,00|0,00|0,00|0,00|0,00|||
|C170|1|8001|ACUM ELET MBR 5BS|6,00000|UN|486,00|0,00|0|060|5405|5405|0,00|0,00|0,00|0,00|0,00|0,00|0|53||0,00|0,00|0,00|04|0,00|0,00|||0,00|04|0,00|0,00|||0,00||0,00|
|C170|2|8020|ACUM ELET MBR 10BS|1,00000|UN|160,00|0,00|0|060|5405|5405|0,00|0,00|0,00|0,00|0,00|0,00|0|53||0,00|0,00|0,00|04|0,00|0,00|||0,00|04|0,00|0,00|||0,00||0,00|
|C190|060|5405|0,00|646,00|0,00|0,00|0,00|0,00|0,00|0,00||
|C100|1|0|6360|55|00|001|19683|21191005656386000108550010000196831999948348|15102019|15102019|868,00|2|0,00||868,00|9|0,00|0,00|0,00|0,00|0,00|0,00|0,00|0,00|0,00|0,00|||
|C170|1|8025|ACUM ELET MBR 14BS|4,00000|UN|868,00|0,00|1|060|5104|5104|0,00|0,00|0,00|0,00|0,00|0,00|0|53||0,00|0,00|0,00|04|0,00|0,00|||0,00|04|0,00|0,00|||0,00||0,00|
|C190|060|5104|0,00|868,00|0,00|0,00|0,00|0,00|0,00|0,00||
|C100|1|0|6787|55|00|001|19684|21191005656386000108550010000196841999948337|15102019|15102019|1795,00|2|0,00||1795,00|9|0,00|0,00|0,00|0,00|0,00|0,00|0,00|0,00|0,00|0,00|||
|C170|1|F0829|ACUM ELET F60DN PIONEIRO|3,00000|UN|510,00|0,00|0|060|5405|5405|0,00|0,00|0,00|0,00|0,00|0,00|0|53||0,00|0,00|0,00|04|0,00|0,00|||0,00|04|0,00|0,00|||0,00||0,00|
|C170|2|F0018|ACUM ELET F70DG PIONEIRO|3,00000|UN|888,00|0,00|0|060|5405|5405|0,00|0,00|0,00|0,00|0,00|0,00|0|53||0,00|0,00|0,00|04|0,00|0,00|||0,00|04|0,00|0,00|||0,00||0,00|
|C170|3|F0437|ACUM ELET F48GD PIONEIRO|1,00000|UN|202,00|0,00|0|060|5405|5405|0,00|0,00|0,00|0,00|0,00|0,00|0|53||0,00|0,00|0,00|04|0,00|0,00|||0,00|04|0,00|0,00|||0,00||0,00|
|C170|4|8025|ACUM ELET MBR 14BS|1,00000|UN|195,00|0,00|0|060|5405|5405|0,00|0,00|0,00|0,00|0,00|0,00|0|53||0,00|0,00|0,00|04|0,00|0,00|||0,00|04|0,00|0,00|||0,00||0,00|
|C190|060|5405|0,00|1795,00|0,00|0,00|0,00|0,00|0,00|0,00||
|C100|1|0|6787|55|00|001|19685|21191005656386000108550010000196851999948326|15102019|15102019|98,00|2|0,00||98,00|9|0,00|0,00|0,00|0,00|0,00|0,00|0,00|0,00|0,00|0,00|||
|C170|1|8008|ACUM ELET MBR 6BS|1,00000|UN|98,00|0,00|1|060|5104|5104|0,00|0,00|0,00|0,00|0,00|0,00|0|53||0,00|0,00|0,00|04|0,00|0,00|||0,00|04|0,00|0,00|||0,00||0,00|
|C190|060|5104|0,00|98,00|0,00|0,00|0,00|0,00|0,00|0,00||
|C100|1|0|7033|55|00|001|19687|21191005656386000108550010000196871999948304|15102019|15102019|1439,25|2|0,00||1439,25|9|0,00|0,00|0,00|0,00|0,00|0,00|0,00|0,00|0,00|0,00|||
|C170|1|F0188|ACUM ELET F60D PIONEIRO|5,00000|UN|1078,25|0,00|0|060|5405|5405|0,00|0,00|0,00|0,00|0,00|0,00|0|53||0,00|0,00|0,00|04|0,00|0,00|||0,00|04|0,00|0,00|||0,00||0,00|
|C170|2|F0436|ACUM ELET F45D PIONEIRO|2,00000|UN|361,00|0,00|0|060|5405|5405|0,00|0,00|0,00|0,00|0,00|0,00|0|53||0,00|0,00|0,00|04|0,00|0,00|||0,00|04|0,00|0,00|||0,00||0,00|
|C190|060|5405|0,00|1439,25|0,00|0,00|0,00|0,00|0,00|0,00||
|C100|1|0|4700|55|00|001|19688|21191005656386000108550010000196881999948298|15102019|15102019|360,00|2|0,00||360,00|9|0,00|0,00|0,00|0,00|0,00|0,00|0,00|0,00|0,00|0,00|||
|C170|1|8020|ACUM ELET MBR 10BS|1,00000|UN|152,00|0,00|0|060|5405|5405|0,00|0,00|0,00|0,00|0,00|0,00|0|53||0,00|0,00|0,00|04|0,00|0,00|||0,00|04|0,00|0,00|||0,00||0,00|
|C170|2|8026|ACUM ELET MBR 9AYS|1,00000|UN|122,00|0,00|0|060|5405|5405|0,00|0,00|0,00|0,00|0,00|0,00|0|53||0,00|0,00|0,00|04|0,00|0,00|||0,00|04|0,00|0,00|||0,00||0,00|
|C170|3|8008|ACUM ELET MBR 6BS|1,00000|UN|86,00|0,00|0|060|5405|5405|0,00|0,00|0,00|0,00|0,00|0,00|0|53||0,00|0,00|0,00|04|0,00|0,00|||0,00|04|0,00|0,00|||0,00||0,00|
|C190|060|5405|0,00|360,00|0,00|0,00|0,00|0,00|0,00|0,00||
|C100|1|0|6867|55|00|001|19689|21191005656386000108550010000196891999948287|15102019|15102019|850,00|2|0,00||850,00|9|0,00|0,00|0,00|0,00|0,00|0,00|0,00|0,00|0,00|0,00|||
|C170|1|F0194|ACUM ELET F60DX PIONEIRO|1,00000|UN|245,00|0,00|0|060|5405|5405|0,00|0,00|0,00|0,00|0,00|0,00|0|53||0,00|0,00|0,00|04|0,00|0,00|||0,00|04|0,00|0,00|||0,00||0,00|
|C170|2|F0012|ACUM ELET F60DG PIONEIRO|1,00000|UN|235,00|0,00|0|060|5405|5405|0,00|0,00|0,00|0,00|0,00|0,00|0|53||0,00|0,00|0,00|04|0,00|0,00|||0,00|04|0,00|0,00|||0,00||0,00|
|C170|3|F0829|ACUM ELET F60DN PIONEIRO|1,00000|UN|165,00|0,00|0|060|5405|5405|0,00|0,00|0,00|0,00|0,00|0,00|0|53||0,00|0,00|0,00|04|0,00|0,00|||0,00|04|0,00|0,00|||0,00||0,00|
|C170|4|F0888|ACUM ELET F52GD  PIONEIRO|1,00000|UN|205,00|0,00|0|060|5405|5405|0,00|0,00|0,00|0,00|0,00|0,00|0|53||0,00|0,00|0,00|04|0,00|0,00|||0,00|04|0,00|0,00|||0,00||0,00|
|C190|060|5405|0,00|850,00|0,00|0,00|0,00|0,00|0,00|0,00||
|C100|1|0|6142|55|00|001|19690|21191005656386000108550010000196901999948270|15102019|15102019|4282,00|2|0,00||4282,00|9|0,00|0,00|0,00|0,00|0,00|0,00|0,00|0,00|0,00|0,00|||
|C170|1|B0006|ACUM ELET B150DG PIONEIRO|2,00000|UN|1404,00|0,00|0|060|5405|5405|0,00|0,00|0,00|0,00|0,00|0,00|0|53||0,00|0,00|0,00|04|0,00|0,00|||0,00|04|0,00|0,00|||0,00||0,00|
|C170|2|F0012|ACUM ELET F60DG PIONEIRO|2,00000|UN|602,00|0,00|0|060|5405|5405|0,00|0,00|0,00|0,00|0,00|0,00|0|53||0,00|0,00|0,00|04|0,00|0,00|||0,00|04|0,00|0,00|||0,00||0,00|
|C170|3|F1101|ACUM ELET F75PD PIONEIRO|1,00000|UN|391,00|0,00|0|060|5405|5405|0,00|0,00|0,00|0,00|0,00|0,00|0|53||0,00|0,00|0,00|04|0,00|0,00|||0,00|04|0,00|0,00|||0,00||0,00|
|C170|4|F1097|ACUM ELET F100DS PIONEIRO|1,00000|UN|526,00|0,00|0|060|5405|5405|0,00|0,00|0,00|0,00|0,00|0,00|0|53||0,00|0,00|0,00|04|0,00|0,00|||0,00|04|0,00|0,00|||0,00||0,00|
|C170|5|F1105|ACUM ELET F90CD PIONEIRO|1,00000|UN|464,00|0,00|0|060|5405|5405|0,00|0,00|0,00|0,00|0,00|0,00|0|53||0,00|0,00|0,00|04|0,00|0,00|||0,00|04|0,00|0,00|||0,00||0,00|
|C170|6|F0018|ACUM ELET F70DG PIONEIRO|1,00000|UN|367,00|0,00|0|060|5405|5405|0,00|0,00|0,00|0,00|0,00|0,00|0|53||0,00|0,00|0,00|04|0,00|0,00|||0,00|04|0,00|0,00|||0,00||0,00|
|C170|7|8001|ACUM ELET MBR 5BS|6,00000|UN|528,00|0,00|0|060|5405|5405|0,00|0,00|0,00|0,00|0,00|0,00|0|53||0,00|0,00|0,00|04|0,00|0,00|||0,00|04|0,00|0,00|||0,00||0,00|
|C190|060|5405|0,00|4282,00|0,00|0,00|0,00|0,00|0,00|0,00||
|C100|1|0|7172|55|00|001|19691|21191005656386000108550010000196911999948269|15102019|15102019|120,00|2|0,00||120,00|9|0,00|0,00|0,00|0,00|0,00|0,00|0,00|0,00|0,00|0,00|||
|C170|1|8003|ACUM ELET MBR 7BS|1,00000|UN|120,00|0,00|0|060|5405|5405|0,00|0,00|0,00|0,00|0,00|0,00|0|53||0,00|0,00|0,00|04|0,00|0,00|||0,00|04|0,00|0,00|||0,00||0,00|
|C190|060|5405|0,00|120,00|0,00|0,00|0,00|0,00|0,00|0,00||
|C100|1|0||55|04|001|19692|21191005656386000108550010000196921999948258|||||||||||||||||||||
|C100|1|0|7173|55|00|001|19693|21191005656386000108550010000196931999948247|16102019|16102019|280,00|2|0,00||280,00|9|0,00|0,00|0,00|0,00|0,00|0,00|0,00|0,00|0,00|0,00|||
|C170|1|8025|ACUM ELET MBR 14BS|1,00000|UN|280,00|0,00|0|060|5405|5405|0,00|0,00|0,00|0,00|0,00|0,00|0|53||0,00|0,00|0,00|04|0,00|0,00|||0,00|04|0,00|0,00|||0,00||0,00|
|C190|060|5405|0,00|280,00|0,00|0,00|0,00|0,00|0,00|0,00||
|C100|1|0|6677|55|00|001|19694|21191005656386000108550010000196941999948236|16102019|16102019|1480,00|2|0,00||1480,00|9|0,00|0,00|0,00|0,00|0,00|0,00|0,00|0,00|0,00|0,00|||
|C170|1|B0357|ACUM ELET B100EP PIONEIRO|4,00000|UN|1480,00|0,00|0|060|5405|5405|0,00|0,00|0,00|0,00|0,00|0,00|0|53||0,00|0,00|0,00|04|0,00|0,00|||0,00|04|0,00|0,00|||0,00||0,00|
|C190|060|5405|0,00|1480,00|0,00|0,00|0,00|0,00|0,00|0,00||
|C100|1|0|5580|55|00|001|19695|21191005656386000108550010000196951999948225|16102019|16102019|21595,73|2|0,00||21595,73|9|0,00|0,00|0,00|0,00|0,00|0,00|0,00|0,00|0,00|0,00|||
|C170|1|8001|ACUM ELET MBR 5BS|19,00000|UN|943,92|0,00|0|040|6915|6915|0,00|0,00|0,00|0,00|0,00|0,00|0|53||0,00|0,00|0,00|04|0,00|0,00|||0,00|04|0,00|0,00|||0,00||0,00|
|C170|2|8003|ACUM ELET MBR 7BS|14,00000|UN|834,82|0,00|0|040|6915|6915|0,00|0,00|0,00|0,00|0,00|0,00|0|53||0,00|0,00|0,00|04|0,00|0,00|||0,00|04|0,00|0,00|||0,00||0,00|
|C170|3|8008|ACUM ELET MBR 6BS|10,00000|UN|554,30|0,00|0|040|6915|6915|0,00|0,00|0,00|0,00|0,00|0,00|0|53||0,00|0,00|0,00|04|0,00|0,00|||0,00|04|0,00|0,00|||0,00||0,00|
|C170|4|8020|ACUM ELET MBR 10BS|1,00000|UN|91,85|0,00|0|040|6915|6915|0,00|0,00|0,00|0,00|0,00|0,00|0|53||0,00|0,00|0,00|04|0,00|0,00|||0,00|04|0,00|0,00|||0,00||0,00|
|C170|5|8025|ACUM ELET MBR 14BS|6,00000|UN|1134,00|0,00|0|040|6915|6915|0,00|0,00|0,00|0,00|0,00|0,00|0|53||0,00|0,00|0,00|04|0,00|0,00|||0,00|04|0,00|0,00|||0,00||0,00|
|C170|6|8026|ACUM ELET MBR 9AYS|3,00000|UN|214,26|0,00|0|040|6915|6915|0,00|0,00|0,00|0,00|0,00|0,00|0|53||0,00|0,00|0,00|04|0,00|0,00|||0,00|04|0,00|0,00|||0,00||0,00|
|C170|7|B0006|ACUM ELET B150DG PIONEIRO|1,00000|UN|326,69|0,00|0|040|6915|6915|0,00|0,00|0,00|0,00|0,00|0,00|0|53||0,00|0,00|0,00|04|0,00|0,00|||0,00|04|0,00|0,00|||0,00||0,00|
|C170|8|B0168|ACUM ELET B150DX PIONEIRO|1,00000|UN|326,69|0,00|0|040|6915|6915|0,00|0,00|0,00|0,00|0,00|0,00|0|53||0,00|0,00|0,00|04|0,00|0,00|||0,00|04|0,00|0,00|||0,00||0,00|
|C170|9|B0356|ACUM ELET B150DN PIONEIRO|1,00000|UN|390,00|0,00|0|040|6915|6915|0,00|0,00|0,00|0,00|0,00|0,00|0|53||0,00|0,00|0,00|04|0,00|0,00|||0,00|04|0,00|0,00|||0,00||0,00|
|C170|10|B0357|ACUM ELET B100EP PIONEIRO|1,00000|UN|290,00|0,00|0|040|6915|6915|0,00|0,00|0,00|0,00|0,00|0,00|0|53||0,00|0,00|0,00|04|0,00|0,00|||0,00|04|0,00|0,00|||0,00||0,00|
|C170|11|F0008|ACUM ELET F50D PIONEIRO|4,00000|UN|446,80|0,00|0|040|6915|6915|0,00|0,00|0,00|0,00|0,00|0,00|0|53||0,00|0,00|0,00|04|0,00|0,00|||0,00|04|0,00|0,00|||0,00||0,00|
|C170|12|F0012|ACUM ELET F60DG PIONEIRO|35,00000|UN|5115,60|0,00|0|040|6915|6915|0,00|0,00|0,00|0,00|0,00|0,00|0|53||0,00|0,00|0,00|04|0,00|0,00|||0,00|04|0,00|0,00|||0,00||0,00|
|C170|13|F0018|ACUM ELET F70DG PIONEIRO|2,00000|UN|500,00|0,00|0|040|6915|6915|0,00|0,00|0,00|0,00|0,00|0,00|0|53||0,00|0,00|0,00|04|0,00|0,00|||0,00|04|0,00|0,00|||0,00||0,00|
|C170|14|F0022|ACUM ELET F75HD PIONEIRO|1,00000|UN|325,00|0,00|0|040|6915|6915|0,00|0,00|0,00|0,00|0,00|0,00|0|53||0,00|0,00|0,00|04|0,00|0,00|||0,00|04|0,00|0,00|||0,00||0,00|
|C170|15|F0188|ACUM ELET F60D PIONEIRO|2,00000|UN|298,00|0,00|0|040|6915|6915|0,00|0,00|0,00|0,00|0,00|0,00|0|53||0,00|0,00|0,00|04|0,00|0,00|||0,00|04|0,00|0,00|||0,00||0,00|
|C170|16|F0194|ACUM ELET F60DX PIONEIRO|11,00000|UN|2695,00|0,00|0|040|6915|6915|0,00|0,00|0,00|0,00|0,00|0,00|0|53||0,00|0,00|0,00|04|0,00|0,00|||0,00|04|0,00|0,00|||0,00||0,00|
|C170|17|F0436|ACUM ELET F45D PIONEIRO|4,00000|UN|488,00|0,00|0|040|6915|6915|0,00|0,00|0,00|0,00|0,00|0,00|0|53||0,00|0,00|0,00|04|0,00|0,00|||0,00|04|0,00|0,00|||0,00||0,00|
|C170|18|F0437|ACUM ELET F48GD PIONEIRO|4,00000|UN|784,00|0,00|0|040|6915|6915|0,00|0,00|0,00|0,00|0,00|0,00|0|53||0,00|0,00|0,00|04|0,00|0,00|||0,00|04|0,00|0,00|||0,00||0,00|
|C170|19|F0829|ACUM ELET F60DN PIONEIRO|3,00000|UN|432,00|0,00|0|040|6915|6915|0,00|0,00|0,00|0,00|0,00|0,00|0|53||0,00|0,00|0,00|04|0,00|0,00|||0,00|04|0,00|0,00|||0,00||0,00|
|C170|20|F0888|ACUM ELET F52GD  PIONEIRO|8,00000|UN|997,44|0,00|0|040|6915|6915|0,00|0,00|0,00|0,00|0,00|0,00|0|53||0,00|0,00|0,00|04|0,00|0,00|||0,00|04|0,00|0,00|||0,00||0,00|
|C170|21|F0890|ACUM ELET F65GD PIONEIRO|3,00000|UN|795,00|0,00|0|040|6915|6915|0,00|0,00|0,00|0,00|0,00|0,00|0|53||0,00|0,00|0,00|04|0,00|0,00|||0,00|04|0,00|0,00|||0,00||0,00|
|C170|22|F1097|ACUM ELET F100DS PIONEIRO|4,00000|UN|1064,88|0,00|0|040|6915|6915|0,00|0,00|0,00|0,00|0,00|0,00|0|53||0,00|0,00|0,00|04|0,00|0,00|||0,00|04|0,00|0,00|||0,00||0,00|
|C170|23|F1101|ACUM ELET F75PD PIONEIRO|5,00000|UN|1625,00|0,00|0|040|6915|6915|0,00|0,00|0,00|0,00|0,00|0,00|0|53||0,00|0,00|0,00|04|0,00|0,00|||0,00|04|0,00|0,00|||0,00||0,00|
|C170|24|F1105|ACUM ELET F90CD PIONEIRO|3,00000|UN|691,86|0,00|0|040|6915|6915|0,00|0,00|0,00|0,00|0,00|0,00|0|53||0,00|0,00|0,00|04|0,00|0,00|||0,00|04|0,00|0,00|||0,00||0,00|
|C170|25|F1106|ACUM ELET F90CE PIONEIRO|1,00000|UN|230,62|0,00|0|040|6915|6915|0,00|0,00|0,00|0,00|0,00|0,00|0|53||0,00|0,00|0,00|04|0,00|0,00|||0,00|04|0,00|0,00|||0,00||0,00|
|C190|040|6915|0,00|21595,73|0,00|0,00|0,00|0,00|0,00|0,00|GARANT|
|C100|1|0|6427|55|00|001|19696|21191005656386000108550010000196961999948214|16102019|16102019|1376,00|2|0,00||1376,00|9|0,00|0,00|0,00|0,00|0,00|0,00|0,00|0,00|0,00|0,00|||
|C170|1|B0006|ACUM ELET B150DG PIONEIRO|2,00000|UN|1376,00|0,00|0|060|5405|5405|0,00|0,00|0,00|0,00|0,00|0,00|0|53||0,00|0,00|0,00|04|0,00|0,00|||0,00|04|0,00|0,00|||0,00||0,00|
|C190|060|5405|0,00|1376,00|0,00|0,00|0,00|0,00|0,00|0,00||
|C100|1|0||55|04|001|19697|21191005656386000108550010000196971999948203|||||||||||||||||||||
|C100|1|0|6302|55|00|001|19698|21191005656386000108550010000196981999948197|16102019|16102019|356,00|2|0,00||356,00|9|0,00|0,00|0,00|0,00|0,00|0,00|0,00|0,00|0,00|0,00|||
|C170|1|F1105|ACUM ELET F90CD PIONEIRO|1,00000|UN|356,00|0,00|0|060|5405|5405|0,00|0,00|0,00|0,00|0,00|0,00|0|53||0,00|0,00|0,00|04|0,00|0,00|||0,00|04|0,00|0,00|||0,00||0,00|
|C190|060|5405|0,00|356,00|0,00|0,00|0,00|0,00|0,00|0,00||
|C100|1|0|6302|55|00|001|19699|21191005656386000108550010000196991999948186|16102019|16102019|270,00|2|0,00||270,00|9|0,00|0,00|0,00|0,00|0,00|0,00|0,00|0,00|0,00|0,00|||
|C170|1|F0194|ACUM ELET F60DX PIONEIRO|1,00000|UN|270,00|0,00|0|060|5405|5405|0,00|0,00|0,00|0,00|0,00|0,00|0|53||0,00|0,00|0,00|04|0,00|0,00|||0,00|04|0,00|0,00|||0,00||0,00|
|C190|060|5405|0,00|270,00|0,00|0,00|0,00|0,00|0,00|0,00||
|C100|1|0|4473|55|00|001|19700|21191005656386000108550010000197001999948170|16102019|16102019|37540,00|2|0,00||37540,00|9|0,00|0,00|0,00|0,00|0,00|0,00|0,00|0,00|0,00|0,00|||
|C170|1|001|BATERIAS USADAS PARA RECICLAGEM|18770,00000|UN|37540,00|0,00|1|040|6949|6949|0,00|0,00|0,00|0,00|0,00|0,00|0|99||0,00|0,00|0,00|49|0,00|0,00|||0,00|49|0,00|0,00|||0,00||0,00|
|C190|040|6949|0,00|37540,00|0,00|0,00|0,00|0,00|0,00|0,00|SUCATA|
|C100|1|0|7019|55|00|001|19701|21191005656386000108550010000197011999948160|16102019|16102019|641,00|2|0,00||641,00|9|0,00|0,00|0,00|0,00|0,00|0,00|0,00|0,00|0,00|0,00|||
|C170|1|F1105|ACUM ELET F90CD PIONEIRO|1,00000|UN|489,00|0,00|0|060|5405|5405|0,00|0,00|0,00|0,00|0,00|0,00|0|53||0,00|0,00|0,00|04|0,00|0,00|||0,00|04|0,00|0,00|||0,00||0,00|
|C170|2|8020|ACUM ELET MBR 10BS|1,00000|UN|152,00|0,00|0|060|5405|5405|0,00|0,00|0,00|0,00|0,00|0,00|0|53||0,00|0,00|0,00|04|0,00|0,00|||0,00|04|0,00|0,00|||0,00||0,00|
|C190|060|5405|0,00|641,00|0,00|0,00|0,00|0,00|0,00|0,00||
|C100|1|0|6993|55|00|001|19702|21191005656386000108550010000197021999948159|16102019|16102019|753,00|2|0,00||753,00|9|0,00|0,00|0,00|0,00|0,00|0,00|0,00|0,00|0,00|0,00|||
|C170|1|8008|ACUM ELET MBR 6BS|3,00000|UN|258,00|0,00|0|060|5405|5405|0,00|0,00|0,00|0,00|0,00|0,00|0|53||0,00|0,00|0,00|04|0,00|0,00|||0,00|04|0,00|0,00|||0,00||0,00|
|C170|2|8001|ACUM ELET MBR 5BS|3,00000|UN|231,00|0,00|0|060|5405|5405|0,00|0,00|0,00|0,00|0,00|0,00|0|53||0,00|0,00|0,00|04|0,00|0,00|||0,00|04|0,00|0,00|||0,00||0,00|
|C170|3|F0437|ACUM ELET F48GD PIONEIRO|1,00000|UN|264,00|0,00|0|060|5405|5405|0,00|0,00|0,00|0,00|0,00|0,00|0|53||0,00|0,00|0,00|04|0,00|0,00|||0,00|04|0,00|0,00|||0,00||0,00|
|C190|060|5405|0,00|753,00|0,00|0,00|0,00|0,00|0,00|0,00||
|C100|1|0|6981|55|00|001|19704|21191005656386000108550010000197041999948137|16102019|16102019|168,00|2|0,00||168,00|9|0,00|0,00|0,00|0,00|0,00|0,00|0,00|0,00|0,00|0,00|||
|C170|1|8001|ACUM ELET MBR 5BS|2,00000|UN|168,00|0,00|0|060|5405|5405|0,00|0,00|0,00|0,00|0,00|0,00|0|53||0,00|0,00|0,00|04|0,00|0,00|||0,00|04|0,00|0,00|||0,00||0,00|
|C190|060|5405|0,00|168,00|0,00|0,00|0,00|0,00|0,00|0,00||
|C100|1|0|6300|55|00|001|19703|21191005656386000108550010000197031999948148|16102019|16102019|632,00|2|0,00||632,00|9|0,00|0,00|0,00|0,00|0,00|0,00|0,00|0,00|0,00|0,00|||
|C170|1|B0169|ACUM ELET B180D PIONEIRO|1,00000|UN|632,00|0,00|0|060|5405|5405|0,00|0,00|0,00|0,00|0,00|0,00|0|53||0,00|0,00|0,00|04|0,00|0,00|||0,00|04|0,00|0,00|||0,00||0,00|
|C190|060|5405|0,00|632,00|0,00|0,00|0,00|0,00|0,00|0,00||
|C100|1|0|5803|55|00|001|19705|21191005656386000108550010000197051999948126|16102019|16102019|868,00|2|0,00||868,00|9|0,00|0,00|0,00|0,00|0,00|0,00|0,00|0,00|0,00|0,00|||
|C170|1|8025|ACUM ELET MBR 14BS|4,00000|UN|868,00|0,00|1|060|5104|5104|0,00|0,00|0,00|0,00|0,00|0,00|0|53||0,00|0,00|0,00|04|0,00|0,00|||0,00|04|0,00|0,00|||0,00||0,00|
|C190|060|5104|0,00|868,00|0,00|0,00|0,00|0,00|0,00|0,00||
|C100|1|0|6640|55|00|001|19706|21191005656386000108550010000197061999948115|16102019|16102019|200,00|2|0,00||200,00|9|0,00|0,00|0,00|0,00|0,00|0,00|0,00|0,00|0,00|0,00|||
|C170|1|F0829|ACUM ELET F60DN PIONEIRO|1,00000|UN|200,00|0,00|0|060|5405|5405|0,00|0,00|0,00|0,00|0,00|0,00|0|53||0,00|0,00|0,00|04|0,00|0,00|||0,00|04|0,00|0,00|||0,00||0,00|
|C190|060|5405|0,00|200,00|0,00|0,00|0,00|0,00|0,00|0,00||
|C100|1|0||55|02|001|19707|21191005656386000108550010000197071999948104|||||||||||||||||||||
|C100|1|0|6858|55|00|001|19708|21191005656386000108550010000197081999948098|16102019|16102019|365,00|2|0,00||365,00|9|0,00|0,00|0,00|0,00|0,00|0,00|0,00|0,00|0,00|0,00|||
|C170|1|8001|ACUM ELET MBR 5BS|5,00000|UN|365,00|0,00|0|060|5405|5405|0,00|0,00|0,00|0,00|0,00|0,00|0|53||0,00|0,00|0,00|04|0,00|0,00|||0,00|04|0,00|0,00|||0,00||0,00|
|C190|060|5405|0,00|365,00|0,00|0,00|0,00|0,00|0,00|0,00||
|C100|1|0|6893|55|00|001|19709|21191005656386000108550010000197091999948087|16102019|16102019|1798,00|2|0,00||1798,00|9|0,00|0,00|0,00|0,00|0,00|0,00|0,00|0,00|0,00|0,00|||
|C170|1|B0006|ACUM ELET B150DG PIONEIRO|2,00000|UN|1080,00|0,00|0|060|5405|5405|0,00|0,00|0,00|0,00|0,00|0,00|0|53||0,00|0,00|0,00|04|0,00|0,00|||0,00|04|0,00|0,00|||0,00||0,00|
|C170|2|8008|ACUM ELET MBR 6BS|3,00000|UN|273,00|0,00|0|060|5405|5405|0,00|0,00|0,00|0,00|0,00|0,00|0|53||0,00|0,00|0,00|04|0,00|0,00|||0,00|04|0,00|0,00|||0,00||0,00|
|C170|3|8001|ACUM ELET MBR 5BS|3,00000|UN|243,00|0,00|0|060|5405|5405|0,00|0,00|0,00|0,00|0,00|0,00|0|53||0,00|0,00|0,00|04|0,00|0,00|||0,00|04|0,00|0,00|||0,00||0,00|
|C170|4|8003|ACUM ELET MBR 7BS|2,00000|UN|202,00|0,00|0|060|5405|5405|0,00|0,00|0,00|0,00|0,00|0,00|0|53||0,00|0,00|0,00|04|0,00|0,00|||0,00|04|0,00|0,00|||0,00||0,00|
|C190|060|5405|0,00|1798,00|0,00|0,00|0,00|0,00|0,00|0,00||
|C100|1|0|7174|55|00|001|19710|21191005656386000108550010000197101999948070|16102019|16102019|300,00|2|0,00||300,00|9|0,00|0,00|0,00|0,00|0,00|0,00|0,00|0,00|0,00|0,00|||
|C170|1|F0018|ACUM ELET F70DG PIONEIRO|1,00000|UN|300,00|0,00|0|060|5405|5405|0,00|0,00|0,00|0,00|0,00|0,00|0|53||0,00|0,00|0,00|04|0,00|0,00|||0,00|04|0,00|0,00|||0,00||0,00|
|C190|060|5405|0,00|300,00|0,00|0,00|0,00|0,00|0,00|0,00||
|C100|1|0|6844|55|00|001|19711|21191005656386000108550010000197111999948069|16102019|16102019|548,00|2|0,00||548,00|9|0,00|0,00|0,00|0,00|0,00|0,00|0,00|0,00|0,00|0,00|||
|C170|1|F0018|ACUM ELET F70DG PIONEIRO|2,00000|UN|548,00|0,00|0|060|5405|5405|0,00|0,00|0,00|0,00|0,00|0,00|0|53||0,00|0,00|0,00|04|0,00|0,00|||0,00|04|0,00|0,00|||0,00||0,00|
|C190|060|5405|0,00|548,00|0,00|0,00|0,00|0,00|0,00|0,00||
|C100|1|0|7117|55|00|001|19712|21191005656386000108550010000197121999948058|16102019|16102019|245,00|2|0,00||245,00|9|0,00|0,00|0,00|0,00|0,00|0,00|0,00|0,00|0,00|0,00|||
|C170|1|8001|ACUM ELET MBR 5BS|1,00000|UN|73,00|0,00|0|060|5405|5405|0,00|0,00|0,00|0,00|0,00|0,00|0|53||0,00|0,00|0,00|04|0,00|0,00|||0,00|04|0,00|0,00|||0,00||0,00|
|C170|2|8008|ACUM ELET MBR 6BS|1,00000|UN|83,00|0,00|0|060|5405|5405|0,00|0,00|0,00|0,00|0,00|0,00|0|53||0,00|0,00|0,00|04|0,00|0,00|||0,00|04|0,00|0,00|||0,00||0,00|
|C170|3|8003|ACUM ELET MBR 7BS|1,00000|UN|89,00|0,00|0|060|5405|5405|0,00|0,00|0,00|0,00|0,00|0,00|0|53||0,00|0,00|0,00|04|0,00|0,00|||0,00|04|0,00|0,00|||0,00||0,00|
|C190|060|5405|0,00|245,00|0,00|0,00|0,00|0,00|0,00|0,00||
|C100|1|0|258|55|00|001|19713|21191005656386000108550010000197131999948047|16102019|16102019|3120,00|2|0,00||3120,00|9|0,00|0,00|0,00|0,00|0,00|0,00|0,00|0,00|0,00|0,00|||
|C170|1|8025|ACUM ELET MBR 14BS|16,00000|UN|3120,00|0,00|1|060|5104|5104|0,00|0,00|0,00|0,00|0,00|0,00|0|53||0,00|0,00|0,00|04|0,00|0,00|||0,00|04|0,00|0,00|||0,00||0,00|
|C190|060|5104|0,00|3120,00|0,00|0,00|0,00|0,00|0,00|0,00||
|C100|1|0|4779|55|00|001|19714|21191005656386000108550010000197141999948036|17102019|17102019|1736,00|2|0,00||1736,00|9|0,00|0,00|0,00|0,00|0,00|0,00|0,00|0,00|0,00|0,00|||
|C170|1|F1097|ACUM ELET F100DS PIONEIRO|2,00000|UN|864,00|0,00|0|060|5405|5405|0,00|0,00|0,00|0,00|0,00|0,00|0|53||0,00|0,00|0,00|04|0,00|0,00|||0,00|04|0,00|0,00|||0,00||0,00|
|C170|2|B0356|ACUM ELET B150DN PIONEIRO|2,00000|UN|872,00|0,00|0|060|5405|5405|0,00|0,00|0,00|0,00|0,00|0,00|0|53||0,00|0,00|0,00|04|0,00|0,00|||0,00|04|0,00|0,00|||0,00||0,00|
|C190|060|5405|0,00|1736,00|0,00|0,00|0,00|0,00|0,00|0,00||
|C100|1|0|4779|55|00|001|19715|21191005656386000108550010000197151999948025|17102019|17102019|634,00|2|0,00||634,00|9|0,00|0,00|0,00|0,00|0,00|0,00|0,00|0,00|0,00|0,00|||
|C170|1|F1101|ACUM ELET F75PD PIONEIRO|2,00000|UN|634,00|0,00|1|060|5104|5104|0,00|0,00|0,00|0,00|0,00|0,00|0|53||0,00|0,00|0,00|04|0,00|0,00|||0,00|04|0,00|0,00|||0,00||0,00|
|C190|060|5104|0,00|634,00|0,00|0,00|0,00|0,00|0,00|0,00||
|C100|1|0|6925|55|00|001|19716|21191005656386000108550010000197161999948014|17102019|17102019|165,00|2|0,00||165,00|9|0,00|0,00|0,00|0,00|0,00|0,00|0,00|0,00|0,00|0,00|||
|C170|1|8020|ACUM ELET MBR 10BS|1,00000|UN|165,00|0,00|0|060|5405|5405|0,00|0,00|0,00|0,00|0,00|0,00|0|53||0,00|0,00|0,00|04|0,00|0,00|||0,00|04|0,00|0,00|||0,00||0,00|
|C190|060|5405|0,00|165,00|0,00|0,00|0,00|0,00|0,00|0,00||
|C100|1|0|5728|55|00|001|19717|21191005656386000108550010000197171999948003|17102019|17102019|300,00|2|0,00||300,00|9|0,00|0,00|0,00|0,00|0,00|0,00|0,00|0,00|0,00|0,00|||
|C170|1|F0194|ACUM ELET F60DX PIONEIRO|1,00000|UN|300,00|0,00|0|060|5405|5405|0,00|0,00|0,00|0,00|0,00|0,00|0|53||0,00|0,00|0,00|04|0,00|0,00|||0,00|04|0,00|0,00|||0,00||0,00|
|C190|060|5405|0,00|300,00|0,00|0,00|0,00|0,00|0,00|0,00||
|C100|1|0|6252|55|00|001|19718|21191005656386000108550010000197181999947993|17102019|17102019|528,00|2|0,00||528,00|9|0,00|0,00|0,00|0,00|0,00|0,00|0,00|0,00|0,00|0,00|||
|C170|1|8001|ACUM ELET MBR 5BS|6,00000|UN|528,00|0,00|1|060|5104|5104|0,00|0,00|0,00|0,00|0,00|0,00|0|53||0,00|0,00|0,00|04|0,00|0,00|||0,00|04|0,00|0,00|||0,00||0,00|
|C190|060|5104|0,00|528,00|0,00|0,00|0,00|0,00|0,00|0,00||
|C100|1|0|7175|55|00|001|19719|21191005656386000108550010000197191999947982|17102019|17102019|230,00|2|0,00||230,00|9|0,00|0,00|0,00|0,00|0,00|0,00|0,00|0,00|0,00|0,00|||
|C170|1|F0888|ACUM ELET F52GD  PIONEIRO|1,00000|UN|230,00|0,00|0|060|5405|5405|0,00|0,00|0,00|0,00|0,00|0,00|0|53||0,00|0,00|0,00|04|0,00|0,00|||0,00|04|0,00|0,00|||0,00||0,00|
|C190|060|5405|0,00|230,00|0,00|0,00|0,00|0,00|0,00|0,00||
|C100|1|0|7176|55|00|001|19720|21191005656386000108550010000197201999947975|17102019|17102019|290,00|2|0,00||290,00|9|0,00|0,00|0,00|0,00|0,00|0,00|0,00|0,00|0,00|0,00|||
|C170|1|F0194|ACUM ELET F60DX PIONEIRO|1,00000|UN|290,00|0,00|0|060|5405|5405|0,00|0,00|0,00|0,00|0,00|0,00|0|53||0,00|0,00|0,00|04|0,00|0,00|||0,00|04|0,00|0,00|||0,00||0,00|
|C190|060|5405|0,00|290,00|0,00|0,00|0,00|0,00|0,00|0,00||
|C100|1|0|5026|55|00|001|19721|21191005656386000108550010000197211999947964|17102019|17102019|150,00|2|0,00||150,00|9|0,00|0,00|0,00|0,00|0,00|0,00|0,00|0,00|0,00|0,00|||
|C170|1|8020|ACUM ELET MBR 10BS|1,00000|UN|150,00|0,00|0|060|5405|5405|0,00|0,00|0,00|0,00|0,00|0,00|0|53||0,00|0,00|0,00|04|0,00|0,00|||0,00|04|0,00|0,00|||0,00||0,00|
|C190|060|5405|0,00|150,00|0,00|0,00|0,00|0,00|0,00|0,00||
|C100|1|0|1041|55|00|001|19722|21191005656386000108550010000197221999947953|17102019|17102019|612,00|2|0,00||612,00|9|0,00|0,00|0,00|0,00|0,00|0,00|0,00|0,00|0,00|0,00|||
|C170|1|F1281|ACUM. ELET. EFB72D PIONEIRO|1,00000|UN|612,00|0,00|0|060|5405|5405|0,00|0,00|0,00|0,00|0,00|0,00|0|53||0,00|0,00|0,00|04|0,00|0,00|||0,00|04|0,00|0,00|||0,00||0,00|
|C190|060|5405|0,00|612,00|0,00|0,00|0,00|0,00|0,00|0,00||
|C100|1|0|6749|55|00|001|19728|21191005656386000108550010000197281999947892|17102019|17102019|1115,00|2|0,00||1115,00|9|0,00|0,00|0,00|0,00|0,00|0,00|0,00|0,00|0,00|0,00|||
|C170|1|F0012|ACUM ELET F60DG PIONEIRO|3,00000|UN|705,00|0,00|0|060|5405|5405|0,00|0,00|0,00|0,00|0,00|0,00|0|53||0,00|0,00|0,00|04|0,00|0,00|||0,00|04|0,00|0,00|||0,00||0,00|
|C170|2|F0888|ACUM ELET F52GD  PIONEIRO|2,00000|UN|410,00|0,00|0|060|5405|5405|0,00|0,00|0,00|0,00|0,00|0,00|0|53||0,00|0,00|0,00|04|0,00|0,00|||0,00|04|0,00|0,00|||0,00||0,00|
|C190|060|5405|0,00|1115,00|0,00|0,00|0,00|0,00|0,00|0,00||
|C100|1|0|6414|55|00|001|19723|21191005656386000108550010000197231999947942|17102019|17102019|680,00|2|0,00||680,00|9|0,00|0,00|0,00|0,00|0,00|0,00|0,00|0,00|0,00|0,00|||
|C170|1|F0829|ACUM ELET F60DN PIONEIRO|4,00000|UN|680,00|0,00|0|060|5405|5405|0,00|0,00|0,00|0,00|0,00|0,00|0|53||0,00|0,00|0,00|04|0,00|0,00|||0,00|04|0,00|0,00|||0,00||0,00|
|C190|060|5405|0,00|680,00|0,00|0,00|0,00|0,00|0,00|0,00||
|C100|1|0|6018|55|00|001|19726|21191005656386000108550010000197261999947910|17102019|17102019|870,20|2|0,00||870,20|9|0,00|0,00|0,00|0,00|0,00|0,00|0,00|0,00|0,00|0,00|||
|C170|1|8008|ACUM ELET MBR 6BS|8,00000|UN|684,00|0,00|1|060|5104|5104|0,00|0,00|0,00|0,00|0,00|0,00|0|53||0,00|0,00|0,00|04|0,00|0,00|||0,00|04|0,00|0,00|||0,00||0,00|
|C170|2|8003|ACUM ELET MBR 7BS|2,00000|UN|186,20|0,00|1|060|5104|5104|0,00|0,00|0,00|0,00|0,00|0,00|0|53||0,00|0,00|0,00|04|0,00|0,00|||0,00|04|0,00|0,00|||0,00||0,00|
|C190|060|5104|0,00|870,20|0,00|0,00|0,00|0,00|0,00|0,00||
|C100|1|0|6703|55|00|001|19727|21191005656386000108550010000197271999947909|17102019|17102019|660,00|2|0,00||660,00|9|0,00|0,00|0,00|0,00|0,00|0,00|0,00|0,00|0,00|0,00|||
|C170|1|F0829|ACUM ELET F60DN PIONEIRO|4,00000|UN|660,00|0,00|0|060|5405|5405|0,00|0,00|0,00|0,00|0,00|0,00|0|53||0,00|0,00|0,00|04|0,00|0,00|||0,00|04|0,00|0,00|||0,00||0,00|
|C190|060|5405|0,00|660,00|0,00|0,00|0,00|0,00|0,00|0,00||
|C100|1|0|5761|55|00|001|19724|21191005656386000108550010000197241999947931|17102019|17102019|1555,20|2|0,00||1555,20|9|0,00|0,00|0,00|0,00|0,00|0,00|0,00|0,00|0,00|0,00|||
|C170|1|8008|ACUM ELET MBR 6BS|18,00000|UN|1555,20|0,00|0|060|5405|5405|0,00|0,00|0,00|0,00|0,00|0,00|0|53||0,00|0,00|0,00|04|0,00|0,00|||0,00|04|0,00|0,00|||0,00||0,00|
|C190|060|5405|0,00|1555,20|0,00|0,00|0,00|0,00|0,00|0,00||
|C100|1|0|5761|55|00|001|19725|21191005656386000108550010000197251999947920|17102019|17102019|86,40|2|0,00||86,40|9|0,00|0,00|0,00|0,00|0,00|0,00|0,00|0,00|0,00|0,00|||
|C170|1|8008|ACUM ELET MBR 6BS|1,00000|UN|86,40|0,00|0|060|5910|5910|0,00|0,00|0,00|0,00|0,00|0,00|0|53||0,00|0,00|0,00|04|0,00|0,00|||0,00|04|0,00|0,00|||0,00||0,00|
|C190|060|5910|0,00|86,40|0,00|0,00|0,00|0,00|0,00|0,00||
|C100|1|0|6164|55|00|001|19729|21191005656386000108550010000197291999947881|17102019|17102019|1085,00|2|0,00||1085,00|9|0,00|0,00|0,00|0,00|0,00|0,00|0,00|0,00|0,00|0,00|||
|C170|1|F0012|ACUM ELET F60DG PIONEIRO|3,00000|UN|705,00|0,00|0|060|5405|5405|0,00|0,00|0,00|0,00|0,00|0,00|0|53||0,00|0,00|0,00|04|0,00|0,00|||0,00|04|0,00|0,00|||0,00||0,00|
|C170|2|F0437|ACUM ELET F48GD PIONEIRO|1,00000|UN|196,00|0,00|0|060|5405|5405|0,00|0,00|0,00|0,00|0,00|0,00|0|53||0,00|0,00|0,00|04|0,00|0,00|||0,00|04|0,00|0,00|||0,00||0,00|
|C170|3|F0436|ACUM ELET F45D PIONEIRO|1,00000|UN|184,00|0,00|0|060|5405|5405|0,00|0,00|0,00|0,00|0,00|0,00|0|53||0,00|0,00|0,00|04|0,00|0,00|||0,00|04|0,00|0,00|||0,00||0,00|
|C190|060|5405|0,00|1085,00|0,00|0,00|0,00|0,00|0,00|0,00||
|C100|1|0|5832|55|00|001|19730|21191005656386000108550010000197301999947874|18102019|18102019|1386,00|2|0,00||1386,00|9|0,00|0,00|0,00|0,00|0,00|0,00|0,00|0,00|0,00|0,00|||
|C170|1|8008|ACUM ELET MBR 6BS|6,00000|UN|498,00|0,00|0|060|5405|5405|0,00|0,00|0,00|0,00|0,00|0,00|0|53||0,00|0,00|0,00|04|0,00|0,00|||0,00|04|0,00|0,00|||0,00||0,00|
|C170|2|8001|ACUM ELET MBR 5BS|12,00000|UN|888,00|0,00|0|060|5405|5405|0,00|0,00|0,00|0,00|0,00|0,00|0|53||0,00|0,00|0,00|04|0,00|0,00|||0,00|04|0,00|0,00|||0,00||0,00|
|C190|060|5405|0,00|1386,00|0,00|0,00|0,00|0,00|0,00|0,00||
|C100|1|0|7177|55|00|001|19731|21191005656386000108550010000197311999947863|18102019|18102019|1098,00|2|0,00||1098,00|9|0,00|0,00|0,00|0,00|0,00|0,00|0,00|0,00|0,00|0,00|||
|C170|1|B0356|ACUM ELET B150DN PIONEIRO|1,00000|UN|423,00|0,00|0|060|5405|5405|0,00|0,00|0,00|0,00|0,00|0,00|0|53||0,00|0,00|0,00|04|0,00|0,00|||0,00|04|0,00|0,00|||0,00||0,00|
|C170|2|F0012|ACUM ELET F60DG PIONEIRO|2,00000|UN|470,00|0,00|0|060|5405|5405|0,00|0,00|0,00|0,00|0,00|0,00|0|53||0,00|0,00|0,00|04|0,00|0,00|||0,00|04|0,00|0,00|||0,00||0,00|
|C170|3|F0888|ACUM ELET F52GD  PIONEIRO|1,00000|UN|205,00|0,00|0|060|5405|5405|0,00|0,00|0,00|0,00|0,00|0,00|0|53||0,00|0,00|0,00|04|0,00|0,00|||0,00|04|0,00|0,00|||0,00||0,00|
|C190|060|5405|0,00|1098,00|0,00|0,00|0,00|0,00|0,00|0,00||
|C100|1|0|4531|55|00|001|19732|21191005656386000108550010000197321999947852|18102019|18102019|1332,00|2|0,00||1332,00|9|0,00|0,00|0,00|0,00|0,00|0,00|0,00|0,00|0,00|0,00|||
|C170|1|8001|ACUM ELET MBR 5BS|18,00000|UN|1332,00|0,00|0|060|5405|5405|0,00|0,00|0,00|0,00|0,00|0,00|0|53||0,00|0,00|0,00|04|0,00|0,00|||0,00|04|0,00|0,00|||0,00||0,00|
|C190|060|5405|0,00|1332,00|0,00|0,00|0,00|0,00|0,00|0,00||
|C100|1|0|4531|55|00|001|19733|21191005656386000108550010000197331999947841|18102019|18102019|74,00|2|0,00||74,00|9|0,00|0,00|0,00|0,00|0,00|0,00|0,00|0,00|0,00|0,00|||
|C170|1|8001|ACUM ELET MBR 5BS|1,00000|UN|74,00|0,00|0|060|5910|5910|0,00|0,00|0,00|0,00|0,00|0,00|0|53||0,00|0,00|0,00|04|0,00|0,00|||0,00|04|0,00|0,00|||0,00||0,00|
|C190|060|5910|0,00|74,00|0,00|0,00|0,00|0,00|0,00|0,00||
|C100|1|0|5734|55|00|001|19734|21191005656386000108550010000197341999947830|18102019|18102019|243,00|2|0,00||243,00|9|0,00|0,00|0,00|0,00|0,00|0,00|0,00|0,00|0,00|0,00|||
|C170|1|8008|ACUM ELET MBR 6BS|2,00000|UN|156,00|0,00|0|060|5405|5405|0,00|0,00|0,00|0,00|0,00|0,00|0|53||0,00|0,00|0,00|04|0,00|0,00|||0,00|04|0,00|0,00|||0,00||0,00|
|C170|2|8003|ACUM ELET MBR 7BS|1,00000|UN|87,00|0,00|0|060|5405|5405|0,00|0,00|0,00|0,00|0,00|0,00|0|53||0,00|0,00|0,00|04|0,00|0,00|||0,00|04|0,00|0,00|||0,00||0,00|
|C190|060|5405|0,00|243,00|0,00|0,00|0,00|0,00|0,00|0,00||
|C100|1|0||55|04|001|19735|21191005656386000108550010000197351999947820|||||||||||||||||||||
|C100|1|0|3964|55|00|001|19736|21191005656386000108550010000197361999947819|18102019|18102019|260,00|2|0,00||260,00|9|0,00|0,00|0,00|0,00|0,00|0,00|0,00|0,00|0,00|0,00|||
|C170|1|F0012|ACUM ELET F60DG PIONEIRO|1,00000|UN|260,00|0,00|0|060|5405|5405|0,00|0,00|0,00|0,00|0,00|0,00|0|53||0,00|0,00|0,00|04|0,00|0,00|||0,00|04|0,00|0,00|||0,00||0,00|
|C190|060|5405|0,00|260,00|0,00|0,00|0,00|0,00|0,00|0,00||
|C100|1|0|6606|55|00|001|19737|21191005656386000108550010000197371999947808|18102019|18102019|460,00|2|0,00||460,00|9|0,00|0,00|0,00|0,00|0,00|0,00|0,00|0,00|0,00|0,00|||
|C170|1|F0012|ACUM ELET F60DG PIONEIRO|2,00000|UN|460,00|0,00|0|060|5405|5405|0,00|0,00|0,00|0,00|0,00|0,00|0|53||0,00|0,00|0,00|04|0,00|0,00|||0,00|04|0,00|0,00|||0,00||0,00|
|C190|060|5405|0,00|460,00|0,00|0,00|0,00|0,00|0,00|0,00||
|C100|1|0|4763|55|00|001|19738|21191005656386000108550010000197381999947791|18102019|18102019|532,00|2|0,00||532,00|9|0,00|0,00|0,00|0,00|0,00|0,00|0,00|0,00|0,00|0,00|||
|C170|1|F0008|ACUM ELET F50D PIONEIRO|2,00000|UN|352,00|0,00|1|060|5104|5104|0,00|0,00|0,00|0,00|0,00|0,00|0|53||0,00|0,00|0,00|04|0,00|0,00|||0,00|04|0,00|0,00|||0,00||0,00|
|C170|2|F0436|ACUM ELET F45D PIONEIRO|1,00000|UN|180,00|0,00|1|060|5104|5104|0,00|0,00|0,00|0,00|0,00|0,00|0|53||0,00|0,00|0,00|04|0,00|0,00|||0,00|04|0,00|0,00|||0,00||0,00|
|C190|060|5104|0,00|532,00|0,00|0,00|0,00|0,00|0,00|0,00||
|C100|1|0|7178|55|00|001|19739|21191005656386000108550010000197391999947780|18102019|18102019|450,00|2|0,00||450,00|9|0,00|0,00|0,00|0,00|0,00|0,00|0,00|0,00|0,00|0,00|||
|C170|1|B0357|ACUM ELET B100EP PIONEIRO|1,00000|UN|450,00|0,00|0|060|5405|5405|0,00|0,00|0,00|0,00|0,00|0,00|0|53||0,00|0,00|0,00|04|0,00|0,00|||0,00|04|0,00|0,00|||0,00||0,00|
|C190|060|5405|0,00|450,00|0,00|0,00|0,00|0,00|0,00|0,00||
|C100|1|0|1|55|00|001|19741|21191005656386000108550010000197411999947762|19102019|19102019|86572,00|2|0,00||86572,00|9|0,00|0,00|0,00|0,00|0,00|0,00|0,00|0,00|0,00|0,00|||
|C170|1|8001|ACUM ELET MBR 5BS|282,00000|UN|24816,00|0,00|0|060|5904|5904|0,00|0,00|0,00|0,00|0,00|0,00|0|53||0,00|0,00|0,00|04|0,00|0,00|||0,00|04|0,00|0,00|||0,00||0,00|
|C170|2|8008|ACUM ELET MBR 6BS|150,00000|UN|14850,00|0,00|0|060|5904|5904|0,00|0,00|0,00|0,00|0,00|0,00|0|53||0,00|0,00|0,00|04|0,00|0,00|||0,00|04|0,00|0,00|||0,00||0,00|
|C170|3|8003|ACUM ELET MBR 7BS|60,00000|UN|6420,00|0,00|0|060|5904|5904|0,00|0,00|0,00|0,00|0,00|0,00|0|53||0,00|0,00|0,00|04|0,00|0,00|||0,00|04|0,00|0,00|||0,00||0,00|
|C170|4|8060|ACUM ELET ALF2 PIONEIRO TECH|6,00000|UN|294,00|0,00|0|060|5904|5904|0,00|0,00|0,00|0,00|0,00|0,00|0|53||0,00|0,00|0,00|04|0,00|0,00|||0,00|04|0,00|0,00|||0,00||0,00|
|C170|5|8061|ACUM ELET 7F2 PIONEIRO TECH|6,00000|UN|324,00|0,00|0|060|5904|5904|0,00|0,00|0,00|0,00|0,00|0,00|0|53||0,00|0,00|0,00|04|0,00|0,00|||0,00|04|0,00|0,00|||0,00||0,00|
|C170|6|8062|ACUM ELET 9F2 PIONEIRO TECH|6,00000|UN|408,00|0,00|0|060|5904|5904|0,00|0,00|0,00|0,00|0,00|0,00|0|53||0,00|0,00|0,00|04|0,00|0,00|||0,00|04|0,00|0,00|||0,00||0,00|
|C170|7|8001|ACUM ELET MBR 5BS|36,00000|UN|3024,00|0,00|0|060|5904|5904|0,00|0,00|0,00|0,00|0,00|0,00|0|53||0,00|0,00|0,00|04|0,00|0,00|||0,00|04|0,00|0,00|||0,00||0,00|
|C170|8|8008|ACUM ELET MBR 6BS|36,00000|UN|3384,00|0,00|0|060|5904|5904|0,00|0,00|0,00|0,00|0,00|0,00|0|53||0,00|0,00|0,00|04|0,00|0,00|||0,00|04|0,00|0,00|||0,00||0,00|
|C170|9|8003|ACUM ELET MBR 7BS|24,00000|UN|2448,00|0,00|0|060|5904|5904|0,00|0,00|0,00|0,00|0,00|0,00|0|53||0,00|0,00|0,00|04|0,00|0,00|||0,00|04|0,00|0,00|||0,00||0,00|
|C170|10|8025|ACUM ELET MBR 14BS|4,00000|UN|868,00|0,00|0|060|5904|5904|0,00|0,00|0,00|0,00|0,00|0,00|0|53||0,00|0,00|0,00|04|0,00|0,00|||0,00|04|0,00|0,00|||0,00||0,00|
|C170|11|F0436|ACUM ELET F45D PIONEIRO|2,00000|UN|474,00|0,00|0|060|5904|5904|0,00|0,00|0,00|0,00|0,00|0,00|0|53||0,00|0,00|0,00|04|0,00|0,00|||0,00|04|0,00|0,00|||0,00||0,00|
|C170|12|F0437|ACUM ELET F48GD PIONEIRO|4,00000|UN|1004,00|0,00|0|060|5904|5904|0,00|0,00|0,00|0,00|0,00|0,00|0|53||0,00|0,00|0,00|04|0,00|0,00|||0,00|04|0,00|0,00|||0,00||0,00|
|C170|13|F0008|ACUM ELET F50D PIONEIRO|4,00000|UN|952,00|0,00|0|060|5904|5904|0,00|0,00|0,00|0,00|0,00|0,00|0|53||0,00|0,00|0,00|04|0,00|0,00|||0,00|04|0,00|0,00|||0,00||0,00|
|C170|14|F0012|ACUM ELET F60DG PIONEIRO|24,00000|UN|7224,00|0,00|0|060|5904|5904|0,00|0,00|0,00|0,00|0,00|0,00|0|53||0,00|0,00|0,00|04|0,00|0,00|||0,00|04|0,00|0,00|||0,00||0,00|
|C170|15|F0829|ACUM ELET F60DN PIONEIRO|12,00000|UN|2700,00|0,00|0|060|5904|5904|0,00|0,00|0,00|0,00|0,00|0,00|0|53||0,00|0,00|0,00|04|0,00|0,00|||0,00|04|0,00|0,00|||0,00||0,00|
|C170|16|F0188|ACUM ELET F60D PIONEIRO|10,00000|UN|2840,00|0,00|0|060|5904|5904|0,00|0,00|0,00|0,00|0,00|0,00|0|53||0,00|0,00|0,00|04|0,00|0,00|||0,00|04|0,00|0,00|||0,00||0,00|
|C170|17|F0018|ACUM ELET F70DG PIONEIRO|6,00000|UN|2202,00|0,00|0|060|5904|5904|0,00|0,00|0,00|0,00|0,00|0,00|0|53||0,00|0,00|0,00|04|0,00|0,00|||0,00|04|0,00|0,00|||0,00||0,00|
|C170|18|F1101|ACUM ELET F75PD PIONEIRO|6,00000|UN|2346,00|0,00|0|060|5904|5904|0,00|0,00|0,00|0,00|0,00|0,00|0|53||0,00|0,00|0,00|04|0,00|0,00|||0,00|04|0,00|0,00|||0,00||0,00|
|C170|19|F1105|ACUM ELET F90CD PIONEIRO|6,00000|UN|2784,00|0,00|0|060|5904|5904|0,00|0,00|0,00|0,00|0,00|0,00|0|53||0,00|0,00|0,00|04|0,00|0,00|||0,00|04|0,00|0,00|||0,00||0,00|
|C170|20|B0357|ACUM ELET B100EP PIONEIRO|2,00000|UN|908,00|0,00|0|060|5904|5904|0,00|0,00|0,00|0,00|0,00|0,00|0|53||0,00|0,00|0,00|04|0,00|0,00|||0,00|04|0,00|0,00|||0,00||0,00|
|C170|21|B0273|ACUM ELET B110E PIONEIRO|4,00000|UN|1956,00|0,00|0|060|5904|5904|0,00|0,00|0,00|0,00|0,00|0,00|0|53||0,00|0,00|0,00|04|0,00|0,00|||0,00|04|0,00|0,00|||0,00||0,00|
|C170|22|B0356|ACUM ELET B150DN PIONEIRO|2,00000|UN|1184,00|0,00|0|060|5904|5904|0,00|0,00|0,00|0,00|0,00|0,00|0|53||0,00|0,00|0,00|04|0,00|0,00|||0,00|04|0,00|0,00|||0,00||0,00|
|C170|23|B0006|ACUM ELET B150DG PIONEIRO|4,00000|UN|1956,00|0,00|0|060|5904|5904|0,00|0,00|0,00|0,00|0,00|0,00|0|53||0,00|0,00|0,00|04|0,00|0,00|||0,00|04|0,00|0,00|||0,00||0,00|
|C170|24|F0888|ACUM ELET F52GD  PIONEIRO|2,00000|UN|526,00|0,00|0|060|5904|5904|0,00|0,00|0,00|0,00|0,00|0,00|0|53||0,00|0,00|0,00|04|0,00|0,00|||0,00|04|0,00|0,00|||0,00||0,00|
|C170|25|TBS20012|TESTADOR DE BATERIA|2,00000|UN|680,00|0,00|0|040|5904|5904|0,00|0,00|0,00|0,00|0,00|0,00|0|49||0,00|0,00|0,00|99|0,00|0,00|||0,00|99|0,00|0,00|||0,00||0,00|
|C190|040|5904|0,00|680,00|0,00|0,00|0,00|0,00|0,00|0,00||
|C190|060|5904|0,00|85892,00|0,00|0,00|0,00|0,00|0,00|0,00||
|C100|1|0|5792|55|00|001|19740|21191005656386000108550010000197401999947773|19102019|19102019|3288,00|2|0,00||3288,00|9|0,00|0,00|0,00|0,00|0,00|0,00|0,00|0,00|0,00|0,00|||
|C170|1|8001|ACUM ELET MBR 5BS|14,00000|UN|1134,00|0,00|0|060|5405|5405|0,00|0,00|0,00|0,00|0,00|0,00|0|53||0,00|0,00|0,00|04|0,00|0,00|||0,00|04|0,00|0,00|||0,00||0,00|
|C170|2|8003|ACUM ELET MBR 7BS|6,00000|UN|558,00|0,00|0|060|5405|5405|0,00|0,00|0,00|0,00|0,00|0,00|0|53||0,00|0,00|0,00|04|0,00|0,00|||0,00|04|0,00|0,00|||0,00||0,00|
|C170|3|8003|ACUM ELET MBR 7BS|4,00000|UN|408,00|0,00|0|060|5405|5405|0,00|0,00|0,00|0,00|0,00|0,00|0|53||0,00|0,00|0,00|04|0,00|0,00|||0,00|04|0,00|0,00|||0,00||0,00|
|C170|4|8025|ACUM ELET MBR 14BS|3,00000|UN|567,00|0,00|0|060|5405|5405|0,00|0,00|0,00|0,00|0,00|0,00|0|53||0,00|0,00|0,00|04|0,00|0,00|||0,00|04|0,00|0,00|||0,00||0,00|
|C170|5|8025|ACUM ELET MBR 14BS|3,00000|UN|621,00|0,00|0|060|5405|5405|0,00|0,00|0,00|0,00|0,00|0,00|0|53||0,00|0,00|0,00|04|0,00|0,00|||0,00|04|0,00|0,00|||0,00||0,00|
|C190|060|5405|0,00|3288,00|0,00|0,00|0,00|0,00|0,00|0,00||
|C100|1|0|4856|55|00|001|19746|21191005656386000108550010000197461999947718|19102019|19102019|486,00|2|0,00||486,00|9|0,00|0,00|0,00|0,00|0,00|0,00|0,00|0,00|0,00|0,00|||
|C170|1|8001|ACUM ELET MBR 5BS|6,00000|UN|486,00|0,00|0|060|5405|5405|0,00|0,00|0,00|0,00|0,00|0,00|0|53||0,00|0,00|0,00|04|0,00|0,00|||0,00|04|0,00|0,00|||0,00||0,00|
|C190|060|5405|0,00|486,00|0,00|0,00|0,00|0,00|0,00|0,00||
|C100|1|0|6846|55|00|001|19742|21191005656386000108550010000197421999947751|19102019|19102019|245,00|2|0,00||245,00|9|0,00|0,00|0,00|0,00|0,00|0,00|0,00|0,00|0,00|0,00|||
|C170|1|F0194|ACUM ELET F60DX PIONEIRO|1,00000|UN|245,00|0,00|0|060|5405|5405|0,00|0,00|0,00|0,00|0,00|0,00|0|53||0,00|0,00|0,00|04|0,00|0,00|||0,00|04|0,00|0,00|||0,00||0,00|
|C190|060|5405|0,00|245,00|0,00|0,00|0,00|0,00|0,00|0,00||
|C100|1|0||55|04|001|19743|21191005656386000108550010000197431999947740|||||||||||||||||||||
|C100|1|0|6090|55|00|001|19744|21191005656386000108550010000197441999947730|19102019|19102019|122,00|2|0,00||122,00|9|0,00|0,00|0,00|0,00|0,00|0,00|0,00|0,00|0,00|0,00|||
|C170|1|8026|ACUM ELET MBR 9AYS|1,00000|UN|122,00|0,00|0|060|5405|5405|0,00|0,00|0,00|0,00|0,00|0,00|0|53||0,00|0,00|0,00|04|0,00|0,00|||0,00|04|0,00|0,00|||0,00||0,00|
|C190|060|5405|0,00|122,00|0,00|0,00|0,00|0,00|0,00|0,00||
|C100|1|0|5926|55|00|001|19745|21191005656386000108550010000197451999947729|19102019|19102019|841,00|2|0,00||841,00|9|0,00|0,00|0,00|0,00|0,00|0,00|0,00|0,00|0,00|0,00|||
|C170|1|B0006|ACUM ELET B150DG PIONEIRO|1,00000|UN|681,00|0,00|0|060|5405|5405|0,00|0,00|0,00|0,00|0,00|0,00|0|53||0,00|0,00|0,00|04|0,00|0,00|||0,00|04|0,00|0,00|||0,00||0,00|
|C170|2|8026|ACUM ELET MBR 9AYS|1,00000|UN|160,00|0,00|0|060|5405|5405|0,00|0,00|0,00|0,00|0,00|0,00|0|53||0,00|0,00|0,00|04|0,00|0,00|||0,00|04|0,00|0,00|||0,00||0,00|
|C190|060|5405|0,00|841,00|0,00|0,00|0,00|0,00|0,00|0,00||
|C100|1|0|741|55|00|001|19747|21191005656386000108550010000197471999947707|22102019|22102019|1624,50|2|0,00||1624,50|9|0,00|0,00|0,00|0,00|0,00|0,00|0,00|0,00|0,00|0,00|||
|C170|1|8008|ACUM ELET MBR 6BS|18,00000|UN|1624,50|0,00|0|060|5405|5405|0,00|0,00|0,00|0,00|0,00|0,00|0|53||0,00|0,00|0,00|04|0,00|0,00|||0,00|04|0,00|0,00|||0,00||0,00|
|C190|060|5405|0,00|1624,50|0,00|0,00|0,00|0,00|0,00|0,00||
|C100|1|0|5182|55|00|001|19748|21191005656386000108550010000197481999947690|22102019|22102019|413,00|2|0,00||413,00|9|0,00|0,00|0,00|0,00|0,00|0,00|0,00|0,00|0,00|0,00|||
|C170|1|8001|ACUM ELET MBR 5BS|1,00000|UN|81,00|0,00|0|060|5405|5405|0,00|0,00|0,00|0,00|0,00|0,00|0|53||0,00|0,00|0,00|04|0,00|0,00|||0,00|04|0,00|0,00|||0,00||0,00|
|C170|2|8008|ACUM ELET MBR 6BS|1,00000|UN|90,00|0,00|0|060|5405|5405|0,00|0,00|0,00|0,00|0,00|0,00|0|53||0,00|0,00|0,00|04|0,00|0,00|||0,00|04|0,00|0,00|||0,00||0,00|
|C170|3|F0012|ACUM ELET F60DG PIONEIRO|1,00000|UN|242,00|0,00|0|060|5405|5405|0,00|0,00|0,00|0,00|0,00|0,00|0|53||0,00|0,00|0,00|04|0,00|0,00|||0,00|04|0,00|0,00|||0,00||0,00|
|C190|060|5405|0,00|413,00|0,00|0,00|0,00|0,00|0,00|0,00||
|C100|1|0|741|55|00|001|19749|21191005656386000108550010000197491999947680|22102019|22102019|90,25|2|0,00||90,25|9|0,00|0,00|0,00|0,00|0,00|0,00|0,00|0,00|0,00|0,00|||
|C170|1|8008|ACUM ELET MBR 6BS|1,00000|UN|90,25|0,00|0|060|5910|5910|0,00|0,00|0,00|0,00|0,00|0,00|0|53||0,00|0,00|0,00|04|0,00|0,00|||0,00|04|0,00|0,00|||0,00||0,00|
|C190|060|5910|0,00|90,25|0,00|0,00|0,00|0,00|0,00|0,00||
|C100|1|0|5862|55|00|001|19750|21191005656386000108550010000197501999947672|22102019|22102019|1056,00|2|0,00||1056,00|9|0,00|0,00|0,00|0,00|0,00|0,00|0,00|0,00|0,00|0,00|||
|C170|1|8001|ACUM ELET MBR 5BS|12,00000|UN|1056,00|0,00|0|060|5405|5405|0,00|0,00|0,00|0,00|0,00|0,00|0|53||0,00|0,00|0,00|04|0,00|0,00|||0,00|04|0,00|0,00|||0,00||0,00|
|C190|060|5405|0,00|1056,00|0,00|0,00|0,00|0,00|0,00|0,00||
|C100|1|0|6613|55|00|001|19751|21191005656386000108550010000197511999947661|22102019|22102019|605,00|2|0,00||605,00|9|0,00|0,00|0,00|0,00|0,00|0,00|0,00|0,00|0,00|0,00|||
|C170|1|8001|ACUM ELET MBR 5BS|3,00000|UN|243,00|0,00|1|060|5104|5104|0,00|0,00|0,00|0,00|0,00|0,00|0|53||0,00|0,00|0,00|04|0,00|0,00|||0,00|04|0,00|0,00|||0,00||0,00|
|C170|2|8001|ACUM ELET MBR 5BS|3,00000|UN|264,00|0,00|1|060|5104|5104|0,00|0,00|0,00|0,00|0,00|0,00|0|53||0,00|0,00|0,00|04|0,00|0,00|||0,00|04|0,00|0,00|||0,00||0,00|
|C170|3|8008|ACUM ELET MBR 6BS|1,00000|UN|98,00|0,00|1|060|5104|5104|0,00|0,00|0,00|0,00|0,00|0,00|0|53||0,00|0,00|0,00|04|0,00|0,00|||0,00|04|0,00|0,00|||0,00||0,00|
|C190|060|5104|0,00|605,00|0,00|0,00|0,00|0,00|0,00|0,00||
|C100|1|0|6485|55|00|001|19752|21191005656386000108550010000197521999947650|22102019|22102019|1035,00|2|0,00||1035,00|9|0,00|0,00|0,00|0,00|0,00|0,00|0,00|0,00|0,00|0,00|||
|C170|1|8001|ACUM ELET MBR 5BS|9,00000|UN|792,00|0,00|1|060|5104|5104|0,00|0,00|0,00|0,00|0,00|0,00|0|53||0,00|0,00|0,00|04|0,00|0,00|||0,00|04|0,00|0,00|||0,00||0,00|
|C170|2|8001|ACUM ELET MBR 5BS|3,00000|UN|243,00|0,00|1|060|5104|5104|0,00|0,00|0,00|0,00|0,00|0,00|0|53||0,00|0,00|0,00|04|0,00|0,00|||0,00|04|0,00|0,00|||0,00||0,00|
|C190|060|5104|0,00|1035,00|0,00|0,00|0,00|0,00|0,00|0,00||
|C100|1|0|6880|55|00|001|19753|21191005656386000108550010000197531999947640|22102019|22102019|560,00|2|0,00||560,00|9|0,00|0,00|0,00|0,00|0,00|0,00|0,00|0,00|0,00|0,00|||
|C170|1|8008|ACUM ELET MBR 6BS|4,00000|UN|364,00|0,00|1|060|5104|5104|0,00|0,00|0,00|0,00|0,00|0,00|0|53||0,00|0,00|0,00|04|0,00|0,00|||0,00|04|0,00|0,00|||0,00||0,00|
|C170|2|8008|ACUM ELET MBR 6BS|2,00000|UN|196,00|0,00|1|060|5104|5104|0,00|0,00|0,00|0,00|0,00|0,00|0|53||0,00|0,00|0,00|04|0,00|0,00|||0,00|04|0,00|0,00|||0,00||0,00|
|C190|060|5104|0,00|560,00|0,00|0,00|0,00|0,00|0,00|0,00||
|C100|1|0|6554|55|00|001|19754|21191005656386000108550010000197541999947639|22102019|22102019|1406,00|2|0,00||1406,00|9|0,00|0,00|0,00|0,00|0,00|0,00|0,00|0,00|0,00|0,00|||
|C170|1|B0273|ACUM ELET B110E PIONEIRO|2,00000|UN|728,00|0,00|1|060|5104|5104|0,00|0,00|0,00|0,00|0,00|0,00|0|53||0,00|0,00|0,00|04|0,00|0,00|||0,00|04|0,00|0,00|||0,00||0,00|
|C170|2|B0357|ACUM ELET B100EP PIONEIRO|2,00000|UN|678,00|0,00|1|060|5104|5104|0,00|0,00|0,00|0,00|0,00|0,00|0|53||0,00|0,00|0,00|04|0,00|0,00|||0,00|04|0,00|0,00|||0,00||0,00|
|C190|060|5104|0,00|1406,00|0,00|0,00|0,00|0,00|0,00|0,00||
|C100|1|0|1686|55|00|001|19755|21191005656386000108550010000197551999947628|22102019|22102019|368,00|2|0,00||368,00|9|0,00|0,00|0,00|0,00|0,00|0,00|0,00|0,00|0,00|0,00|||
|C170|1|B0273|ACUM ELET B110E PIONEIRO|1,00000|UN|368,00|0,00|1|060|5104|5104|0,00|0,00|0,00|0,00|0,00|0,00|0|53||0,00|0,00|0,00|04|0,00|0,00|||0,00|04|0,00|0,00|||0,00||0,00|
|C190|060|5104|0,00|368,00|0,00|0,00|0,00|0,00|0,00|0,00||
|C100|1|0|6949|55|00|001|19756|21191005656386000108550010000197561999947617|22102019|22102019|1399,68|2|0,00||1399,68|9|0,00|0,00|0,00|0,00|0,00|0,00|0,00|0,00|0,00|0,00|||
|C170|1|8001|ACUM ELET MBR 5BS|18,00000|UN|1399,68|0,00|0|060|5405|5405|0,00|0,00|0,00|0,00|0,00|0,00|0|53||0,00|0,00|0,00|04|0,00|0,00|||0,00|04|0,00|0,00|||0,00||0,00|
|C190|060|5405|0,00|1399,68|0,00|0,00|0,00|0,00|0,00|0,00||
|C100|1|0|6575|55|00|001|19758|21191005656386000108550010000197581999947590|22102019|22102019|622,00|2|0,00||622,00|9|0,00|0,00|0,00|0,00|0,00|0,00|0,00|0,00|0,00|0,00|||
|C170|1|F0012|ACUM ELET F60DG PIONEIRO|2,00000|UN|460,00|0,00|0|060|5405|5405|0,00|0,00|0,00|0,00|0,00|0,00|0|53||0,00|0,00|0,00|04|0,00|0,00|||0,00|04|0,00|0,00|||0,00||0,00|
|C170|2|F0829|ACUM ELET F60DN PIONEIRO|1,00000|UN|162,00|0,00|0|060|5405|5405|0,00|0,00|0,00|0,00|0,00|0,00|0|53||0,00|0,00|0,00|04|0,00|0,00|||0,00|04|0,00|0,00|||0,00||0,00|
|C190|060|5405|0,00|622,00|0,00|0,00|0,00|0,00|0,00|0,00||
|C100|1|0|6949|55|00|001|19757|21191005656386000108550010000197571999947606|22102019|22102019|77,76|2|0,00||77,76|9|0,00|0,00|0,00|0,00|0,00|0,00|0,00|0,00|0,00|0,00|||
|C170|1|8001|ACUM ELET MBR 5BS|1,00000|UN|77,76|0,00|0|060|5910|5910|0,00|0,00|0,00|0,00|0,00|0,00|0|53||0,00|0,00|0,00|04|0,00|0,00|||0,00|04|0,00|0,00|||0,00||0,00|
|C190|060|5910|0,00|77,76|0,00|0,00|0,00|0,00|0,00|0,00||
|C100|1|0|5495|55|00|001|19759|21191005656386000108550010000197591999947589|22102019|22102019|1486,08|2|0,00||1486,08|9|0,00|0,00|0,00|0,00|0,00|0,00|0,00|0,00|0,00|0,00|||
|C170|1|8008|ACUM ELET MBR 6BS|18,00000|UN|1486,08|0,00|0|060|5405|5405|0,00|0,00|0,00|0,00|0,00|0,00|0|53||0,00|0,00|0,00|04|0,00|0,00|||0,00|04|0,00|0,00|||0,00||0,00|
|C190|060|5405|0,00|1486,08|0,00|0,00|0,00|0,00|0,00|0,00||
|C100|1|0|5495|55|00|001|19760|21191005656386000108550010000197601999947571|22102019|22102019|82,56|2|0,00||82,56|9|0,00|0,00|0,00|0,00|0,00|0,00|0,00|0,00|0,00|0,00|||
|C170|1|8008|ACUM ELET MBR 6BS|1,00000|UN|82,56|0,00|0|060|5910|5910|0,00|0,00|0,00|0,00|0,00|0,00|0|53||0,00|0,00|0,00|04|0,00|0,00|||0,00|04|0,00|0,00|||0,00||0,00|
|C190|060|5910|0,00|82,56|0,00|0,00|0,00|0,00|0,00|0,00||
|C100|1|0|5975|55|00|001|19761|21191005656386000108550010000197611999947560|22102019|22102019|868,00|2|0,00||868,00|9|0,00|0,00|0,00|0,00|0,00|0,00|0,00|0,00|0,00|0,00|||
|C170|1|8025|ACUM ELET MBR 14BS|4,00000|UN|868,00|0,00|0|060|5405|5405|0,00|0,00|0,00|0,00|0,00|0,00|0|53||0,00|0,00|0,00|04|0,00|0,00|||0,00|04|0,00|0,00|||0,00||0,00|
|C190|060|5405|0,00|868,00|0,00|0,00|0,00|0,00|0,00|0,00||
|C100|1|0|4617|55|00|001|19762|21191005656386000108550010000197621999947550|22102019|22102019|528,00|2|0,00||528,00|9|0,00|0,00|0,00|0,00|0,00|0,00|0,00|0,00|0,00|0,00|||
|C170|1|8008|ACUM ELET MBR 6BS|6,00000|UN|528,00|0,00|1|060|5104|5104|0,00|0,00|0,00|0,00|0,00|0,00|0|53||0,00|0,00|0,00|04|0,00|0,00|||0,00|04|0,00|0,00|||0,00||0,00|
|C190|060|5104|0,00|528,00|0,00|0,00|0,00|0,00|0,00|0,00||
|C100|1|0|7180|55|00|001|19763|21191005656386000108550010000197631999947549|22102019|22102019|200,00|2|0,00||200,00|9|0,00|0,00|0,00|0,00|0,00|0,00|0,00|0,00|0,00|0,00|||
|C170|1|8026|ACUM ELET MBR 9AYS|1,00000|UN|200,00|0,00|0|060|5405|5405|0,00|0,00|0,00|0,00|0,00|0,00|0|53||0,00|0,00|0,00|04|0,00|0,00|||0,00|04|0,00|0,00|||0,00||0,00|
|C190|060|5405|0,00|200,00|0,00|0,00|0,00|0,00|0,00|0,00||
|C100|1|0|5647|55|00|001|19764|21191005656386000108550010000197641999947538|22102019|22102019|558,00|2|0,00||558,00|9|0,00|0,00|0,00|0,00|0,00|0,00|0,00|0,00|0,00|0,00|||
|C170|1|8003|ACUM ELET MBR 7BS|6,00000|UN|558,00|0,00|0|060|5405|5405|0,00|0,00|0,00|0,00|0,00|0,00|0|53||0,00|0,00|0,00|04|0,00|0,00|||0,00|04|0,00|0,00|||0,00||0,00|
|C190|060|5405|0,00|558,00|0,00|0,00|0,00|0,00|0,00|0,00||
|C100|1|0|6915|55|00|001|19766|21191005656386000108550010000197661999947516|22102019|22102019|511,00|2|0,00||511,00|9|0,00|0,00|0,00|0,00|0,00|0,00|0,00|0,00|0,00|0,00|||
|C170|1|F1097|ACUM ELET F100DS PIONEIRO|1,00000|UN|511,00|0,00|0|060|5405|5405|0,00|0,00|0,00|0,00|0,00|0,00|0|53||0,00|0,00|0,00|04|0,00|0,00|||0,00|04|0,00|0,00|||0,00||0,00|
|C190|060|5405|0,00|511,00|0,00|0,00|0,00|0,00|0,00|0,00||
|C100|1|0|7060|55|00|001|19767|21191005656386000108550010000197671999947505|22102019|22102019|480,00|2|0,00||480,00|9|0,00|0,00|0,00|0,00|0,00|0,00|0,00|0,00|0,00|0,00|||
|C170|1|8001|ACUM ELET MBR 5BS|6,00000|UN|480,00|0,00|0|060|5405|5405|0,00|0,00|0,00|0,00|0,00|0,00|0|53||0,00|0,00|0,00|04|0,00|0,00|||0,00|04|0,00|0,00|||0,00||0,00|
|C190|060|5405|0,00|480,00|0,00|0,00|0,00|0,00|0,00|0,00||
|C100|1|0|7181|55|00|001|19768|21191005656386000108550010000197681999947499|22102019|22102019|270,00|2|0,00||270,00|9|0,00|0,00|0,00|0,00|0,00|0,00|0,00|0,00|0,00|0,00|||
|C170|1|F0194|ACUM ELET F60DX PIONEIRO|1,00000|UN|270,00|0,00|0|060|5405|5405|0,00|0,00|0,00|0,00|0,00|0,00|0|53||0,00|0,00|0,00|04|0,00|0,00|||0,00|04|0,00|0,00|||0,00||0,00|
|C190|060|5405|0,00|270,00|0,00|0,00|0,00|0,00|0,00|0,00||
|C100|1|0|4729|55|00|001|19769|21191005656386000108550010000197691999947488|22102019|22102019|270,00|2|0,00||270,00|9|0,00|0,00|0,00|0,00|0,00|0,00|0,00|0,00|0,00|0,00|||
|C170|1|8008|ACUM ELET MBR 6BS|3,00000|UN|270,00|0,00|0|060|5405|5405|0,00|0,00|0,00|0,00|0,00|0,00|0|53||0,00|0,00|0,00|04|0,00|0,00|||0,00|04|0,00|0,00|||0,00||0,00|
|C190|060|5405|0,00|270,00|0,00|0,00|0,00|0,00|0,00|0,00||
|C100|1|0|7182|55|00|001|19770|21191005656386000108550010000197701999947470|22102019|22102019|200,00|2|0,00||200,00|9|0,00|0,00|0,00|0,00|0,00|0,00|0,00|0,00|0,00|0,00|||
|C170|1|8026|ACUM ELET MBR 9AYS|1,00000|UN|200,00|0,00|0|060|5405|5405|0,00|0,00|0,00|0,00|0,00|0,00|0|53||0,00|0,00|0,00|04|0,00|0,00|||0,00|04|0,00|0,00|||0,00||0,00|
|C190|060|5405|0,00|200,00|0,00|0,00|0,00|0,00|0,00|0,00||
|C100|1|0|6971|55|00|001|19771|21191005656386000108550010000197711999947460|22102019|22102019|820,00|2|0,00||820,00|9|0,00|0,00|0,00|0,00|0,00|0,00|0,00|0,00|0,00|0,00|||
|C170|1|B0357|ACUM ELET B100EP PIONEIRO|2,00000|UN|660,00|0,00|0|060|5405|5405|0,00|0,00|0,00|0,00|0,00|0,00|0|53||0,00|0,00|0,00|04|0,00|0,00|||0,00|04|0,00|0,00|||0,00||0,00|
|C170|2|F0829|ACUM ELET F60DN PIONEIRO|1,00000|UN|160,00|0,00|0|060|5405|5405|0,00|0,00|0,00|0,00|0,00|0,00|0|53||0,00|0,00|0,00|04|0,00|0,00|||0,00|04|0,00|0,00|||0,00||0,00|
|C190|060|5405|0,00|820,00|0,00|0,00|0,00|0,00|0,00|0,00||
|C100|1|0|2990|55|00|001|19772|21191005656386000108550010000197721999947459|22102019|22102019|631,00|2|0,00||631,00|9|0,00|0,00|0,00|0,00|0,00|0,00|0,00|0,00|0,00|0,00|||
|C170|1|8008|ACUM ELET MBR 6BS|3,00000|UN|258,00|0,00|0|060|5405|5405|0,00|0,00|0,00|0,00|0,00|0,00|0|53||0,00|0,00|0,00|04|0,00|0,00|||0,00|04|0,00|0,00|||0,00||0,00|
|C170|2|8003|ACUM ELET MBR 7BS|3,00000|UN|279,00|0,00|0|060|5405|5405|0,00|0,00|0,00|0,00|0,00|0,00|0|53||0,00|0,00|0,00|04|0,00|0,00|||0,00|04|0,00|0,00|||0,00||0,00|
|C170|3|8008|ACUM ELET MBR 6BS|1,00000|UN|94,00|0,00|0|060|5405|5405|0,00|0,00|0,00|0,00|0,00|0,00|0|53||0,00|0,00|0,00|04|0,00|0,00|||0,00|04|0,00|0,00|||0,00||0,00|
|C190|060|5405|0,00|631,00|0,00|0,00|0,00|0,00|0,00|0,00||
|C100|1|0|6927|55|00|001|19773|21191005656386000108550010000197731999947448|22102019|22102019|3084,00|2|0,00||3084,00|9|0,00|0,00|0,00|0,00|0,00|0,00|0,00|0,00|0,00|0,00|||
|C170|1|8003|ACUM ELET MBR 7BS|6,00000|UN|606,00|0,00|0|060|5405|5405|0,00|0,00|0,00|0,00|0,00|0,00|0|53||0,00|0,00|0,00|04|0,00|0,00|||0,00|04|0,00|0,00|||0,00||0,00|
|C170|2|8001|ACUM ELET MBR 5BS|18,00000|UN|1458,00|0,00|0|060|5405|5405|0,00|0,00|0,00|0,00|0,00|0,00|0|53||0,00|0,00|0,00|04|0,00|0,00|||0,00|04|0,00|0,00|||0,00||0,00|
|C170|3|F0829|ACUM ELET F60DN PIONEIRO|6,00000|UN|1020,00|0,00|0|060|5405|5405|0,00|0,00|0,00|0,00|0,00|0,00|0|53||0,00|0,00|0,00|04|0,00|0,00|||0,00|04|0,00|0,00|||0,00||0,00|
|C190|060|5405|0,00|3084,00|0,00|0,00|0,00|0,00|0,00|0,00||
|C100|1|0|6927|55|00|001|19774|21191005656386000108550010000197741999947437|22102019|22102019|81,00|2|0,00||81,00|9|0,00|0,00|0,00|0,00|0,00|0,00|0,00|0,00|0,00|0,00|||
|C170|1|8001|ACUM ELET MBR 5BS|1,00000|UN|81,00|0,00|0|060|5910|5910|0,00|0,00|0,00|0,00|0,00|0,00|0|53||0,00|0,00|0,00|04|0,00|0,00|||0,00|04|0,00|0,00|||0,00||0,00|
|C190|060|5910|0,00|81,00|0,00|0,00|0,00|0,00|0,00|0,00||
|C100|1|0|4823|55|00|001|19775|21191005656386000108550010000197751999947426|22102019|22102019|164,10|2|0,00||164,10|9|0,00|0,00|0,00|0,00|0,00|0,00|0,00|0,00|0,00|0,00|||
|C170|1|8001|ACUM ELET MBR 5BS|1,00000|UN|71,00|0,00|1|060|5104|5104|0,00|0,00|0,00|0,00|0,00|0,00|0|53||0,00|0,00|0,00|04|0,00|0,00|||0,00|04|0,00|0,00|||0,00||0,00|
|C170|2|8003|ACUM ELET MBR 7BS|1,00000|UN|93,10|0,00|1|060|5104|5104|0,00|0,00|0,00|0,00|0,00|0,00|0|53||0,00|0,00|0,00|04|0,00|0,00|||0,00|04|0,00|0,00|||0,00||0,00|
|C190|060|5104|0,00|164,10|0,00|0,00|0,00|0,00|0,00|0,00||
|C100|1|0|4814|55|00|001|19776|21191005656386000108550010000197761999947415|22102019|22102019|948,00|2|0,00||948,00|9|0,00|0,00|0,00|0,00|0,00|0,00|0,00|0,00|0,00|0,00|||
|C170|1|8001|ACUM ELET MBR 5BS|12,00000|UN|948,00|0,00|0|060|5405|5405|0,00|0,00|0,00|0,00|0,00|0,00|0|53||0,00|0,00|0,00|04|0,00|0,00|||0,00|04|0,00|0,00|||0,00||0,00|
|C190|060|5405|0,00|948,00|0,00|0,00|0,00|0,00|0,00|0,00||
|C100|1|0|3964|55|00|001|19777|21191005656386000108550010000197771999947404|22102019|22102019|1154,00|2|0,00||1154,00|9|0,00|0,00|0,00|0,00|0,00|0,00|0,00|0,00|0,00|0,00|||
|C170|1|B0006|ACUM ELET B150DG PIONEIRO|2,00000|UN|1154,00|0,00|0|060|5405|5405|0,00|0,00|0,00|0,00|0,00|0,00|0|53||0,00|0,00|0,00|04|0,00|0,00|||0,00|04|0,00|0,00|||0,00||0,00|
|C190|060|5405|0,00|1154,00|0,00|0,00|0,00|0,00|0,00|0,00||
|C100|1|0|5829|55|00|001|19778|21191005656386000108550010000197781999947398|22102019|22102019|492,00|2|0,00||492,00|9|0,00|0,00|0,00|0,00|0,00|0,00|0,00|0,00|0,00|0,00|||
|C170|1|8008|ACUM ELET MBR 6BS|3,00000|UN|261,00|0,00|1|060|5104|5104|0,00|0,00|0,00|0,00|0,00|0,00|0|53||0,00|0,00|0,00|04|0,00|0,00|||0,00|04|0,00|0,00|||0,00||0,00|
|C170|2|8001|ACUM ELET MBR 5BS|3,00000|UN|231,00|0,00|1|060|5104|5104|0,00|0,00|0,00|0,00|0,00|0,00|0|53||0,00|0,00|0,00|04|0,00|0,00|||0,00|04|0,00|0,00|||0,00||0,00|
|C190|060|5104|0,00|492,00|0,00|0,00|0,00|0,00|0,00|0,00||
|C100|1|0|6434|55|00|001|19779|21191005656386000108550010000197791999947387|22102019|22102019|905,00|2|0,00||905,00|9|0,00|0,00|0,00|0,00|0,00|0,00|0,00|0,00|0,00|0,00|||
|C170|1|B0273|ACUM ELET B110E PIONEIRO|1,00000|UN|465,00|0,00|0|060|5405|5405|0,00|0,00|0,00|0,00|0,00|0,00|0|53||0,00|0,00|0,00|04|0,00|0,00|||0,00|04|0,00|0,00|||0,00||0,00|
|C170|2|F1105|ACUM ELET F90CD PIONEIRO|1,00000|UN|440,00|0,00|0|060|5405|5405|0,00|0,00|0,00|0,00|0,00|0,00|0|53||0,00|0,00|0,00|04|0,00|0,00|||0,00|04|0,00|0,00|||0,00||0,00|
|C190|060|5405|0,00|905,00|0,00|0,00|0,00|0,00|0,00|0,00||
|C100|1|0|7171|55|00|001|19780|21191005656386000108550010000197801999947370|23102019|23102019|2744,00|2|0,00||2744,00|9|0,00|0,00|0,00|0,00|0,00|0,00|0,00|0,00|0,00|0,00|||
|C170|1|F0018|ACUM ELET F70DG PIONEIRO|3,00000|UN|888,00|0,00|1|060|5104|5104|0,00|0,00|0,00|0,00|0,00|0,00|0|53||0,00|0,00|0,00|04|0,00|0,00|||0,00|04|0,00|0,00|||0,00||0,00|
|C170|2|F1105|ACUM ELET F90CD PIONEIRO|4,00000|UN|1856,00|0,00|1|060|5104|5104|0,00|0,00|0,00|0,00|0,00|0,00|0|53||0,00|0,00|0,00|04|0,00|0,00|||0,00|04|0,00|0,00|||0,00||0,00|
|C190|060|5104|0,00|2744,00|0,00|0,00|0,00|0,00|0,00|0,00||
|C100|1|0|6894|55|00|001|19781|21191005656386000108550010000197811999947369|23102019|23102019|900,00|2|0,00||900,00|9|0,00|0,00|0,00|0,00|0,00|0,00|0,00|0,00|0,00|0,00|||
|C170|1|F1105|ACUM ELET F90CD PIONEIRO|2,00000|UN|900,00|0,00|0|060|5405|5405|0,00|0,00|0,00|0,00|0,00|0,00|0|53||0,00|0,00|0,00|04|0,00|0,00|||0,00|04|0,00|0,00|||0,00||0,00|
|C190|060|5405|0,00|900,00|0,00|0,00|0,00|0,00|0,00|0,00||
|C100|1|0|5704|55|00|001|19782|21191005656386000108550010000197821999947358|23102019|23102019|909,00|2|0,00||909,00|9|0,00|0,00|0,00|0,00|0,00|0,00|0,00|0,00|0,00|0,00|||
|C170|1|8001|ACUM ELET MBR 5BS|6,00000|UN|444,00|0,00|0|060|5405|5405|0,00|0,00|0,00|0,00|0,00|0,00|0|53||0,00|0,00|0,00|04|0,00|0,00|||0,00|04|0,00|0,00|||0,00||0,00|
|C170|2|8003|ACUM ELET MBR 7BS|5,00000|UN|465,00|0,00|0|060|5405|5405|0,00|0,00|0,00|0,00|0,00|0,00|0|53||0,00|0,00|0,00|04|0,00|0,00|||0,00|04|0,00|0,00|||0,00||0,00|
|C190|060|5405|0,00|909,00|0,00|0,00|0,00|0,00|0,00|0,00||
|C100|1|0|169|55|00|001|19783|21191005656386000108550010000197831999947347|23102019|23102019|990,00|2|0,00||990,00|9|0,00|0,00|0,00|0,00|0,00|0,00|0,00|0,00|0,00|0,00|||
|C170|1|8001|ACUM ELET MBR 5BS|4,00000|UN|308,00|0,00|0|060|5405|5405|0,00|0,00|0,00|0,00|0,00|0,00|0|53||0,00|0,00|0,00|04|0,00|0,00|||0,00|04|0,00|0,00|||0,00||0,00|
|C170|2|8020|ACUM ELET MBR 10BS|2,00000|UN|304,00|0,00|0|060|5405|5405|0,00|0,00|0,00|0,00|0,00|0,00|0|53||0,00|0,00|0,00|04|0,00|0,00|||0,00|04|0,00|0,00|||0,00||0,00|
|C170|3|8025|ACUM ELET MBR 14BS|2,00000|UN|378,00|0,00|0|060|5405|5405|0,00|0,00|0,00|0,00|0,00|0,00|0|53||0,00|0,00|0,00|04|0,00|0,00|||0,00|04|0,00|0,00|||0,00||0,00|
|C190|060|5405|0,00|990,00|0,00|0,00|0,00|0,00|0,00|0,00||
|C100|1|0|6271|55|00|001|19784|21191005656386000108550010000197841999947336|23102019|23102019|165,00|2|0,00||165,00|9|0,00|0,00|0,00|0,00|0,00|0,00|0,00|0,00|0,00|0,00|||
|C170|1|F0829|ACUM ELET F60DN PIONEIRO|1,00000|UN|165,00|0,00|0|060|5405|5405|0,00|0,00|0,00|0,00|0,00|0,00|0|53||0,00|0,00|0,00|04|0,00|0,00|||0,00|04|0,00|0,00|||0,00||0,00|
|C190|060|5405|0,00|165,00|0,00|0,00|0,00|0,00|0,00|0,00||
|C100|1|0|5725|55|00|001|19785|21191005656386000108550010000197851999947325|23102019|23102019|392,00|2|0,00||392,00|9|0,00|0,00|0,00|0,00|0,00|0,00|0,00|0,00|0,00|0,00|||
|C170|1|F0437|ACUM ELET F48GD PIONEIRO|2,00000|UN|392,00|0,00|0|060|5405|5405|0,00|0,00|0,00|0,00|0,00|0,00|0|53||0,00|0,00|0,00|04|0,00|0,00|||0,00|04|0,00|0,00|||0,00||0,00|
|C190|060|5405|0,00|392,00|0,00|0,00|0,00|0,00|0,00|0,00||
|C100|1|0|6246|55|00|001|19786|21191005656386000108550010000197861999947314|23102019|23102019|210,00|2|0,00||210,00|9|0,00|0,00|0,00|0,00|0,00|0,00|0,00|0,00|0,00|0,00|||
|C170|1|F0829|ACUM ELET F60DN PIONEIRO|1,00000|UN|210,00|0,00|0|060|5405|5405|0,00|0,00|0,00|0,00|0,00|0,00|0|53||0,00|0,00|0,00|04|0,00|0,00|||0,00|04|0,00|0,00|||0,00||0,00|
|C190|060|5405|0,00|210,00|0,00|0,00|0,00|0,00|0,00|0,00||
|C100|1|0||55|04|001|19787|21191005656386000108550010000197871999947303|||||||||||||||||||||
|C100|1|0|6313|55|00|001|19788|21191005656386000108550010000197881999947297|23102019|23102019|441,00|2|0,00||441,00|9|0,00|0,00|0,00|0,00|0,00|0,00|0,00|0,00|0,00|0,00|||
|C170|1|F1105|ACUM ELET F90CD PIONEIRO|1,00000|UN|441,00|0,00|0|060|5405|5405|0,00|0,00|0,00|0,00|0,00|0,00|0|53||0,00|0,00|0,00|04|0,00|0,00|||0,00|04|0,00|0,00|||0,00||0,00|
|C190|060|5405|0,00|441,00|0,00|0,00|0,00|0,00|0,00|0,00||
|C100|1|0|7183|55|00|001|19789|21191005656386000108550010000197891999947286|23102019|23102019|190,00|2|0,00||190,00|9|0,00|0,00|0,00|0,00|0,00|0,00|0,00|0,00|0,00|0,00|||
|C170|1|8020|ACUM ELET MBR 10BS|1,00000|UN|190,00|0,00|0|060|5405|5405|0,00|0,00|0,00|0,00|0,00|0,00|0|53||0,00|0,00|0,00|04|0,00|0,00|||0,00|04|0,00|0,00|||0,00||0,00|
|C190|060|5405|0,00|190,00|0,00|0,00|0,00|0,00|0,00|0,00||
|C100|1|0|5614|55|00|001|19790|21191005656386000108550010000197901999947279|23102019|23102019|1022,00|2|0,00||1022,00|9|0,00|0,00|0,00|0,00|0,00|0,00|0,00|0,00|0,00|0,00|||
|C170|1|F1097|ACUM ELET F100DS PIONEIRO|2,00000|UN|1022,00|0,00|0|060|5405|5405|0,00|0,00|0,00|0,00|0,00|0,00|0|53||0,00|0,00|0,00|04|0,00|0,00|||0,00|04|0,00|0,00|||0,00||0,00|
|C190|060|5405|0,00|1022,00|0,00|0,00|0,00|0,00|0,00|0,00||
|C100|1|0|6435|55|00|001|19791|21191005656386000108550010000197911999947268|23102019|23102019|486,00|2|0,00||486,00|9|0,00|0,00|0,00|0,00|0,00|0,00|0,00|0,00|0,00|0,00|||
|C170|1|8001|ACUM ELET MBR 5BS|6,00000|UN|486,00|0,00|1|060|5104|5104|0,00|0,00|0,00|0,00|0,00|0,00|0|53||0,00|0,00|0,00|04|0,00|0,00|||0,00|04|0,00|0,00|||0,00||0,00|
|C190|060|5104|0,00|486,00|0,00|0,00|0,00|0,00|0,00|0,00||
|C100|1|0|6925|55|00|001|19792|21191005656386000108550010000197921999947257|23102019|23102019|1092,00|2|0,00||1092,00|9|0,00|0,00|0,00|0,00|0,00|0,00|0,00|0,00|0,00|0,00|||
|C170|1|8008|ACUM ELET MBR 6BS|12,00000|UN|1092,00|0,00|0|060|5405|5405|0,00|0,00|0,00|0,00|0,00|0,00|0|53||0,00|0,00|0,00|04|0,00|0,00|||0,00|04|0,00|0,00|||0,00||0,00|
|C190|060|5405|0,00|1092,00|0,00|0,00|0,00|0,00|0,00|0,00||
|C100|1|0|6947|55|00|001|19794|21191005656386000108550010000197941999947235|23102019|23102019|764,00|2|0,00||764,00|9|0,00|0,00|0,00|0,00|0,00|0,00|0,00|0,00|0,00|0,00|||
|C170|1|F1105|ACUM ELET F90CD PIONEIRO|1,00000|UN|364,00|0,00|0|060|5405|5405|0,00|0,00|0,00|0,00|0,00|0,00|0|53||0,00|0,00|0,00|04|0,00|0,00|||0,00|04|0,00|0,00|||0,00||0,00|
|C170|2|F0012|ACUM ELET F60DG PIONEIRO|1,00000|UN|235,00|0,00|0|060|5405|5405|0,00|0,00|0,00|0,00|0,00|0,00|0|53||0,00|0,00|0,00|04|0,00|0,00|||0,00|04|0,00|0,00|||0,00||0,00|
|C170|3|F0829|ACUM ELET F60DN PIONEIRO|1,00000|UN|165,00|0,00|0|060|5405|5405|0,00|0,00|0,00|0,00|0,00|0,00|0|53||0,00|0,00|0,00|04|0,00|0,00|||0,00|04|0,00|0,00|||0,00||0,00|
|C190|060|5405|0,00|764,00|0,00|0,00|0,00|0,00|0,00|0,00||
|C100|1|0|6164|55|00|001|19793|21191005656386000108550010000197931999947246|23102019|23102019|368,00|2|0,00||368,00|9|0,00|0,00|0,00|0,00|0,00|0,00|0,00|0,00|0,00|0,00|||
|C170|1|F0436|ACUM ELET F45D PIONEIRO|2,00000|UN|368,00|0,00|0|060|5405|5405|0,00|0,00|0,00|0,00|0,00|0,00|0|53||0,00|0,00|0,00|04|0,00|0,00|||0,00|04|0,00|0,00|||0,00||0,00|
|C190|060|5405|0,00|368,00|0,00|0,00|0,00|0,00|0,00|0,00||
|C100|1|0|1648|55|00|001|19795|21191005656386000108550010000197951999947224|24102019|24102019|1496,00|2|0,00||1496,00|9|0,00|0,00|0,00|0,00|0,00|0,00|0,00|0,00|0,00|0,00|||
|C170|1|8001|ACUM ELET MBR 5BS|12,00000|UN|1056,00|0,00|0|060|5405|5405|0,00|0,00|0,00|0,00|0,00|0,00|0|53||0,00|0,00|0,00|04|0,00|0,00|||0,00|04|0,00|0,00|||0,00||0,00|
|C170|2|8003|ACUM ELET MBR 7BS|4,00000|UN|440,00|0,00|0|060|5405|5405|0,00|0,00|0,00|0,00|0,00|0,00|0|53||0,00|0,00|0,00|04|0,00|0,00|||0,00|04|0,00|0,00|||0,00||0,00|
|C190|060|5405|0,00|1496,00|0,00|0,00|0,00|0,00|0,00|0,00||
|C100|1|0|6025|55|00|001|19796|21191005656386000108550010000197961999947213|24102019|24102019|260,00|2|0,00||260,00|9|0,00|0,00|0,00|0,00|0,00|0,00|0,00|0,00|0,00|0,00|||
|C170|1|F0012|ACUM ELET F60DG PIONEIRO|1,00000|UN|260,00|0,00|0|060|5405|5405|0,00|0,00|0,00|0,00|0,00|0,00|0|53||0,00|0,00|0,00|04|0,00|0,00|||0,00|04|0,00|0,00|||0,00||0,00|
|C190|060|5405|0,00|260,00|0,00|0,00|0,00|0,00|0,00|0,00||
|C100|1|0|5744|55|00|001|19797|21191005656386000108550010000197971999947202|24102019|24102019|1176,00|2|0,00||1176,00|9|0,00|0,00|0,00|0,00|0,00|0,00|0,00|0,00|0,00|0,00|||
|C170|1|8008|ACUM ELET MBR 6BS|12,00000|UN|1176,00|0,00|1|060|5104|5104|0,00|0,00|0,00|0,00|0,00|0,00|0|53||0,00|0,00|0,00|04|0,00|0,00|||0,00|04|0,00|0,00|||0,00||0,00|
|C190|060|5104|0,00|1176,00|0,00|0,00|0,00|0,00|0,00|0,00||
|C100|1|0|6552|55|00|001|19798|21191005656386000108550010000197981999947196|24102019|24102019|375,00|2|0,00||375,00|9|0,00|0,00|0,00|0,00|0,00|0,00|0,00|0,00|0,00|0,00|||
|C170|1|F1105|ACUM ELET F90CD PIONEIRO|1,00000|UN|375,00|0,00|0|060|5405|5405|0,00|0,00|0,00|0,00|0,00|0,00|0|53||0,00|0,00|0,00|04|0,00|0,00|||0,00|04|0,00|0,00|||0,00||0,00|
|C190|060|5405|0,00|375,00|0,00|0,00|0,00|0,00|0,00|0,00||
|C100|1|0|4726|55|00|001|19799|21191005656386000108550010000197991999947185|24102019|24102019|2556,00|2|0,00||2556,00|9|0,00|0,00|0,00|0,00|0,00|0,00|0,00|0,00|0,00|0,00|||
|C170|1|F0018|ACUM ELET F70DG PIONEIRO|2,00000|UN|592,00|0,00|1|060|5104|5104|0,00|0,00|0,00|0,00|0,00|0,00|0|53||0,00|0,00|0,00|04|0,00|0,00|||0,00|04|0,00|0,00|||0,00||0,00|
|C170|2|F0829|ACUM ELET F60DN PIONEIRO|3,00000|UN|510,00|0,00|1|060|5104|5104|0,00|0,00|0,00|0,00|0,00|0,00|0|53||0,00|0,00|0,00|04|0,00|0,00|||0,00|04|0,00|0,00|||0,00||0,00|
|C170|3|F0829|ACUM ELET F60DN PIONEIRO|2,00000|UN|450,00|0,00|1|060|5104|5104|0,00|0,00|0,00|0,00|0,00|0,00|0|53||0,00|0,00|0,00|04|0,00|0,00|||0,00|04|0,00|0,00|||0,00||0,00|
|C170|4|F1105|ACUM ELET F90CD PIONEIRO|1,00000|UN|464,00|0,00|1|060|5104|5104|0,00|0,00|0,00|0,00|0,00|0,00|0|53||0,00|0,00|0,00|04|0,00|0,00|||0,00|04|0,00|0,00|||0,00||0,00|
|C170|5|B0006|ACUM ELET B150DG PIONEIRO|1,00000|UN|540,00|0,00|1|060|5104|5104|0,00|0,00|0,00|0,00|0,00|0,00|0|53||0,00|0,00|0,00|04|0,00|0,00|||0,00|04|0,00|0,00|||0,00||0,00|
|C190|060|5104|0,00|2556,00|0,00|0,00|0,00|0,00|0,00|0,00||
|C100|1|0|2548|55|00|001|19800|21191005656386000108550010000198001999947170|24102019|24102019|662,00|2|0,00||662,00|9|0,00|0,00|0,00|0,00|0,00|0,00|0,00|0,00|0,00|0,00|||
|C170|1|F0188|ACUM ELET F60D PIONEIRO|1,00000|UN|226,00|0,00|0|060|5405|5405|0,00|0,00|0,00|0,00|0,00|0,00|0|53||0,00|0,00|0,00|04|0,00|0,00|||0,00|04|0,00|0,00|||0,00||0,00|
|C170|2|B0356|ACUM ELET B150DN PIONEIRO|1,00000|UN|436,00|0,00|0|060|5405|5405|0,00|0,00|0,00|0,00|0,00|0,00|0|53||0,00|0,00|0,00|04|0,00|0,00|||0,00|04|0,00|0,00|||0,00||0,00|
|C190|060|5405|0,00|662,00|0,00|0,00|0,00|0,00|0,00|0,00||
|C100|1|0|7150|55|00|001|19801|21191005656386000108550010000198011999947169|24102019|24102019|628,00|2|0,00||628,00|9|0,00|0,00|0,00|0,00|0,00|0,00|0,00|0,00|0,00|0,00|||
|C170|1|F0829|ACUM ELET F60DN PIONEIRO|4,00000|UN|628,00|0,00|0|060|5405|5405|0,00|0,00|0,00|0,00|0,00|0,00|0|53||0,00|0,00|0,00|04|0,00|0,00|||0,00|04|0,00|0,00|||0,00||0,00|
|C190|060|5405|0,00|628,00|0,00|0,00|0,00|0,00|0,00|0,00||
|C100|1|0|6004|55|00|001|19802|21191005656386000108550010000198021999947158|24102019|24102019|372,00|2|0,00||372,00|9|0,00|0,00|0,00|0,00|0,00|0,00|0,00|0,00|0,00|0,00|||
|C170|1|8008|ACUM ELET MBR 6BS|4,00000|UN|372,00|0,00|1|060|5104|5104|0,00|0,00|0,00|0,00|0,00|0,00|0|53||0,00|0,00|0,00|04|0,00|0,00|||0,00|04|0,00|0,00|||0,00||0,00|
|C190|060|5104|0,00|372,00|0,00|0,00|0,00|0,00|0,00|0,00||
|C100|1|0|7184|55|00|001|19803|21191005656386000108550010000198031999947147|24102019|24102019|468,00|2|0,00||468,00|9|0,00|0,00|0,00|0,00|0,00|0,00|0,00|0,00|0,00|0,00|||
|C170|1|8001|ACUM ELET MBR 5BS|6,00000|UN|468,00|0,00|1|060|5104|5104|0,00|0,00|0,00|0,00|0,00|0,00|0|53||0,00|0,00|0,00|04|0,00|0,00|||0,00|04|0,00|0,00|||0,00||0,00|
|C190|060|5104|0,00|468,00|0,00|0,00|0,00|0,00|0,00|0,00||
|C100|1|0|5436|55|00|001|19804|21191005656386000108550010000198041999947136|24102019|24102019|382,00|2|0,00||382,00|9|0,00|0,00|0,00|0,00|0,00|0,00|0,00|0,00|0,00|0,00|||
|C170|1|B0273|ACUM ELET B110E PIONEIRO|1,00000|UN|382,00|0,00|1|060|5104|5104|0,00|0,00|0,00|0,00|0,00|0,00|0|53||0,00|0,00|0,00|04|0,00|0,00|||0,00|04|0,00|0,00|||0,00||0,00|
|C190|060|5104|0,00|382,00|0,00|0,00|0,00|0,00|0,00|0,00||
|C100|1|0|5436|55|00|001|19805|21191005656386000108550010000198051999947125|24102019|24102019|592,00|2|0,00||592,00|9|0,00|0,00|0,00|0,00|0,00|0,00|0,00|0,00|0,00|0,00|||
|C170|1|B0356|ACUM ELET B150DN PIONEIRO|1,00000|UN|592,00|0,00|0|060|5405|5405|0,00|0,00|0,00|0,00|0,00|0,00|0|53||0,00|0,00|0,00|04|0,00|0,00|||0,00|04|0,00|0,00|||0,00||0,00|
|C190|060|5405|0,00|592,00|0,00|0,00|0,00|0,00|0,00|0,00||
|C100|1|0|5734|55|00|001|19806|21191005656386000108550010000198061999947114|24102019|24102019|246,00|2|0,00||246,00|9|0,00|0,00|0,00|0,00|0,00|0,00|0,00|0,00|0,00|0,00|||
|C170|1|8008|ACUM ELET MBR 6BS|1,00000|UN|78,00|0,00|0|060|5405|5405|0,00|0,00|0,00|0,00|0,00|0,00|0|53||0,00|0,00|0,00|04|0,00|0,00|||0,00|04|0,00|0,00|||0,00||0,00|
|C170|2|8003|ACUM ELET MBR 7BS|2,00000|UN|168,00|0,00|0|060|5405|5405|0,00|0,00|0,00|0,00|0,00|0,00|0|53||0,00|0,00|0,00|04|0,00|0,00|||0,00|04|0,00|0,00|||0,00||0,00|
|C190|060|5405|0,00|246,00|0,00|0,00|0,00|0,00|0,00|0,00||
|C100|1|0|4649|55|00|001|19807|21191005656386000108550010000198071999947103|24102019|24102019|7970,00|2|0,00||7970,00|9|0,00|0,00|0,00|0,00|0,00|0,00|0,00|0,00|0,00|0,00|||
|C170|1|B0169|ACUM ELET B180D PIONEIRO|4,00000|UN|3304,00|0,00|0|060|5405|5405|0,00|0,00|0,00|0,00|0,00|0,00|0|53||0,00|0,00|0,00|04|0,00|0,00|||0,00|04|0,00|0,00|||0,00||0,00|
|C170|2|B0170|ACUM ELET B180EX PIONEIRO|4,00000|UN|3304,00|0,00|0|060|5405|5405|0,00|0,00|0,00|0,00|0,00|0,00|0|53||0,00|0,00|0,00|04|0,00|0,00|||0,00|04|0,00|0,00|||0,00||0,00|
|C170|3|B0006|ACUM ELET B150DG PIONEIRO|2,00000|UN|1362,00|0,00|0|060|5405|5405|0,00|0,00|0,00|0,00|0,00|0,00|0|53||0,00|0,00|0,00|04|0,00|0,00|||0,00|04|0,00|0,00|||0,00||0,00|
|C190|060|5405|0,00|7970,00|0,00|0,00|0,00|0,00|0,00|0,00||
|C100|1|0|5589|55|00|001|19808|21191005656386000108550010000198081999947097|24102019|24102019|942,00|2|0,00||942,00|9|0,00|0,00|0,00|0,00|0,00|0,00|0,00|0,00|0,00|0,00|||
|C170|1|8001|ACUM ELET MBR 5BS|6,00000|UN|444,00|0,00|0|060|5405|5405|0,00|0,00|0,00|0,00|0,00|0,00|0|53||0,00|0,00|0,00|04|0,00|0,00|||0,00|04|0,00|0,00|||0,00||0,00|
|C170|2|8008|ACUM ELET MBR 6BS|6,00000|UN|498,00|0,00|0|060|5405|5405|0,00|0,00|0,00|0,00|0,00|0,00|0|53||0,00|0,00|0,00|04|0,00|0,00|||0,00|04|0,00|0,00|||0,00||0,00|
|C190|060|5405|0,00|942,00|0,00|0,00|0,00|0,00|0,00|0,00||
|C100|1|0|7185|55|00|001|19809|21191005656386000108550010000198091999947086|24102019|24102019|364,00|2|0,00||364,00|9|0,00|0,00|0,00|0,00|0,00|0,00|0,00|0,00|0,00|0,00|||
|C170|1|8008|ACUM ELET MBR 6BS|4,00000|UN|364,00|0,00|1|060|5104|5104|0,00|0,00|0,00|0,00|0,00|0,00|0|53||0,00|0,00|0,00|04|0,00|0,00|||0,00|04|0,00|0,00|||0,00||0,00|
|C190|060|5104|0,00|364,00|0,00|0,00|0,00|0,00|0,00|0,00||
|C100|1|0|6750|55|00|001|19810|21191005656386000108550010000198101999947079|24102019|24102019|946,00|2|0,00||946,00|9|0,00|0,00|0,00|0,00|0,00|0,00|0,00|0,00|0,00|0,00|||
|C170|1|B0356|ACUM ELET B150DN PIONEIRO|1,00000|UN|436,00|0,00|1|060|5104|5104|0,00|0,00|0,00|0,00|0,00|0,00|0|53||0,00|0,00|0,00|04|0,00|0,00|||0,00|04|0,00|0,00|||0,00||0,00|
|C170|2|F0829|ACUM ELET F60DN PIONEIRO|3,00000|UN|510,00|0,00|1|060|5104|5104|0,00|0,00|0,00|0,00|0,00|0,00|0|53||0,00|0,00|0,00|04|0,00|0,00|||0,00|04|0,00|0,00|||0,00||0,00|
|C190|060|5104|0,00|946,00|0,00|0,00|0,00|0,00|0,00|0,00||
|C100|1|0|6971|55|00|001|19811|21191005656386000108550010000198111999947068|24102019|24102019|235,00|2|0,00||235,00|9|0,00|0,00|0,00|0,00|0,00|0,00|0,00|0,00|0,00|0,00|||
|C170|1|F0012|ACUM ELET F60DG PIONEIRO|1,00000|UN|235,00|0,00|0|060|5405|5405|0,00|0,00|0,00|0,00|0,00|0,00|0|53||0,00|0,00|0,00|04|0,00|0,00|||0,00|04|0,00|0,00|||0,00||0,00|
|C190|060|5405|0,00|235,00|0,00|0,00|0,00|0,00|0,00|0,00||
|C100|1|0|6937|55|00|001|19812|21191005656386000108550010000198121999947057|24102019|24102019|1399,68|2|0,00||1399,68|9|0,00|0,00|0,00|0,00|0,00|0,00|0,00|0,00|0,00|0,00|||
|C170|1|8001|ACUM ELET MBR 5BS|18,00000|UN|1399,68|0,00|0|060|5405|5405|0,00|0,00|0,00|0,00|0,00|0,00|0|53||0,00|0,00|0,00|04|0,00|0,00|||0,00|04|0,00|0,00|||0,00||0,00|
|C190|060|5405|0,00|1399,68|0,00|0,00|0,00|0,00|0,00|0,00||
|C100|1|0|6937|55|00|001|19813|21191005656386000108550010000198131999947046|24102019|24102019|77,76|2|0,00||77,76|9|0,00|0,00|0,00|0,00|0,00|0,00|0,00|0,00|0,00|0,00|||
|C170|1|8001|ACUM ELET MBR 5BS|1,00000|UN|77,76|0,00|0|060|5910|5910|0,00|0,00|0,00|0,00|0,00|0,00|0|53||0,00|0,00|0,00|04|0,00|0,00|||0,00|04|0,00|0,00|||0,00||0,00|
|C190|060|5910|0,00|77,76|0,00|0,00|0,00|0,00|0,00|0,00||
|C100|1|0|7126|55|00|001|19814|21191005656386000108550010000198141999947035|24102019|24102019|1065,00|2|0,00||1065,00|9|0,00|0,00|0,00|0,00|0,00|0,00|0,00|0,00|0,00|0,00|||
|C170|1|8003|ACUM ELET MBR 7BS|2,00000|UN|202,00|0,00|1|060|5104|5104|0,00|0,00|0,00|0,00|0,00|0,00|0|53||0,00|0,00|0,00|04|0,00|0,00|||0,00|04|0,00|0,00|||0,00||0,00|
|C170|2|8008|ACUM ELET MBR 6BS|2,00000|UN|182,00|0,00|1|060|5104|5104|0,00|0,00|0,00|0,00|0,00|0,00|0|53||0,00|0,00|0,00|04|0,00|0,00|||0,00|04|0,00|0,00|||0,00||0,00|
|C170|3|8008|ACUM ELET MBR 6BS|4,00000|UN|392,00|0,00|1|060|5104|5104|0,00|0,00|0,00|0,00|0,00|0,00|0|53||0,00|0,00|0,00|04|0,00|0,00|||0,00|04|0,00|0,00|||0,00||0,00|
|C170|4|F0012|ACUM ELET F60DG PIONEIRO|1,00000|UN|289,00|0,00|1|060|5104|5104|0,00|0,00|0,00|0,00|0,00|0,00|0|53||0,00|0,00|0,00|04|0,00|0,00|||0,00|04|0,00|0,00|||0,00||0,00|
|C190|060|5104|0,00|1065,00|0,00|0,00|0,00|0,00|0,00|0,00||
|C100|1|0|6025|55|00|001|19815|21191005656386000108550010000198151999947024|24102019|24102019|260,00|2|0,00||260,00|9|0,00|0,00|0,00|0,00|0,00|0,00|0,00|0,00|0,00|0,00|||
|C170|1|F0012|ACUM ELET F60DG PIONEIRO|1,00000|UN|260,00|0,00|0|060|5405|5405|0,00|0,00|0,00|0,00|0,00|0,00|0|53||0,00|0,00|0,00|04|0,00|0,00|||0,00|04|0,00|0,00|||0,00||0,00|
|C190|060|5405|0,00|260,00|0,00|0,00|0,00|0,00|0,00|0,00||
|C100|1|0||55|02|001|19816|21191005656386000108550010000198161999947013|||||||||||||||||||||
|C100|1|0|3713|55|00|001|19817|21191005656386000108550010000198171999947002|25102019|25102019|88,00|2|0,00||88,00|9|0,00|0,00|0,00|0,00|0,00|0,00|0,00|0,00|0,00|0,00|||
|C170|1|8001|ACUM ELET MBR 5BS|1,00000|UN|88,00|0,00|0|060|5910|5910|0,00|0,00|0,00|0,00|0,00|0,00|0|53||0,00|0,00|0,00|04|0,00|0,00|||0,00|04|0,00|0,00|||0,00||0,00|
|C190|060|5910|0,00|88,00|0,00|0,00|0,00|0,00|0,00|0,00||
|C100|1|0|3713|55|00|001|19818|21191005656386000108550010000198181999946992|25102019|25102019|1584,00|2|0,00||1584,00|9|0,00|0,00|0,00|0,00|0,00|0,00|0,00|0,00|0,00|0,00|||
|C170|1|8001|ACUM ELET MBR 5BS|18,00000|UN|1584,00|0,00|0|060|5405|5405|0,00|0,00|0,00|0,00|0,00|0,00|0|53||0,00|0,00|0,00|04|0,00|0,00|||0,00|04|0,00|0,00|||0,00||0,00|
|C190|060|5405|0,00|1584,00|0,00|0,00|0,00|0,00|0,00|0,00||
|C100|1|0|5609|55|00|001|19819|21191005656386000108550010000198191999946981|25102019|25102019|234,00|2|0,00||234,00|9|0,00|0,00|0,00|0,00|0,00|0,00|0,00|0,00|0,00|0,00|||
|C170|1|8001|ACUM ELET MBR 5BS|3,00000|UN|234,00|0,00|1|060|5104|5104|0,00|0,00|0,00|0,00|0,00|0,00|0|53||0,00|0,00|0,00|04|0,00|0,00|||0,00|04|0,00|0,00|||0,00||0,00|
|C190|060|5104|0,00|234,00|0,00|0,00|0,00|0,00|0,00|0,00||
|C100|1|0||55|02|001|19820|21191005656386000108550010000198201999946974|||||||||||||||||||||
|C100|1|0|6300|55|00|001|19821|21191005656386000108550010000198211999946963|25102019|25102019|656,00|2|0,00||656,00|9|0,00|0,00|0,00|0,00|0,00|0,00|0,00|0,00|0,00|0,00|||
|C170|1|B0357|ACUM ELET B100EP PIONEIRO|2,00000|UN|656,00|0,00|0|060|5405|5405|0,00|0,00|0,00|0,00|0,00|0,00|0|53||0,00|0,00|0,00|04|0,00|0,00|||0,00|04|0,00|0,00|||0,00||0,00|
|C190|060|5405|0,00|656,00|0,00|0,00|0,00|0,00|0,00|0,00||
|C100|1|0|6978|55|00|001|19822|21191005656386000108550010000198221999946952|25102019|25102019|330,00|2|0,00||330,00|9|0,00|0,00|0,00|0,00|0,00|0,00|0,00|0,00|0,00|0,00|||
|C170|1|F0829|ACUM ELET F60DN PIONEIRO|2,00000|UN|330,00|0,00|0|060|5405|5405|0,00|0,00|0,00|0,00|0,00|0,00|0|53||0,00|0,00|0,00|04|0,00|0,00|||0,00|04|0,00|0,00|||0,00||0,00|
|C190|060|5405|0,00|330,00|0,00|0,00|0,00|0,00|0,00|0,00||
|C100|1|0|6672|55|00|001|19823|21191005656386000108550010000198231999946941|25102019|25102019|318,00|2|0,00||318,00|9|0,00|0,00|0,00|0,00|0,00|0,00|0,00|0,00|0,00|0,00|||
|C170|1|F1101|ACUM ELET F75PD PIONEIRO|1,00000|UN|318,00|0,00|1|060|5104|5104|0,00|0,00|0,00|0,00|0,00|0,00|0|53||0,00|0,00|0,00|04|0,00|0,00|||0,00|04|0,00|0,00|||0,00||0,00|
|C190|060|5104|0,00|318,00|0,00|0,00|0,00|0,00|0,00|0,00||
|C100|1|0||55|02|001|19824|21191005656386000108550010000198241999946930|||||||||||||||||||||
|C100|1|0|7154|55|00|001|19825|21191005656386000108550010000198251999946920|25102019|25102019|330,00|2|0,00||330,00|9|0,00|0,00|0,00|0,00|0,00|0,00|0,00|0,00|0,00|0,00|||
|C170|1|F1101|ACUM ELET F75PD PIONEIRO|1,00000|UN|330,00|0,00|0|060|5405|5405|0,00|0,00|0,00|0,00|0,00|0,00|0|53||0,00|0,00|0,00|04|0,00|0,00|||0,00|04|0,00|0,00|||0,00||0,00|
|C190|060|5405|0,00|330,00|0,00|0,00|0,00|0,00|0,00|0,00||
|C100|1|0|7143|55|00|001|19826|21191005656386000108550010000198261999946919|25102019|25102019|178,00|2|0,00||178,00|9|0,00|0,00|0,00|0,00|0,00|0,00|0,00|0,00|0,00|0,00|||
|C170|1|8001|ACUM ELET MBR 5BS|1,00000|UN|84,00|0,00|0|060|5405|5405|0,00|0,00|0,00|0,00|0,00|0,00|0|53||0,00|0,00|0,00|04|0,00|0,00|||0,00|04|0,00|0,00|||0,00||0,00|
|C170|2|8008|ACUM ELET MBR 6BS|1,00000|UN|94,00|0,00|0|060|5405|5405|0,00|0,00|0,00|0,00|0,00|0,00|0|53||0,00|0,00|0,00|04|0,00|0,00|||0,00|04|0,00|0,00|||0,00||0,00|
|C190|060|5405|0,00|178,00|0,00|0,00|0,00|0,00|0,00|0,00||
|C100|1|0|6194|55|00|001|19827|21191005656386000108550010000198271999946908|25102019|25102019|885,00|2|0,00||885,00|9|0,00|0,00|0,00|0,00|0,00|0,00|0,00|0,00|0,00|0,00|||
|C170|1|B0273|ACUM ELET B110E PIONEIRO|1,00000|UN|390,00|0,00|0|060|5405|5405|0,00|0,00|0,00|0,00|0,00|0,00|0|53||0,00|0,00|0,00|04|0,00|0,00|||0,00|04|0,00|0,00|||0,00||0,00|
|C170|2|B0273|ACUM ELET B110E PIONEIRO|1,00000|UN|495,00|0,00|0|060|5405|5405|0,00|0,00|0,00|0,00|0,00|0,00|0|53||0,00|0,00|0,00|04|0,00|0,00|||0,00|04|0,00|0,00|||0,00||0,00|
|C190|060|5405|0,00|885,00|0,00|0,00|0,00|0,00|0,00|0,00||
|C100|1|0|2347|55|00|001|19831|21191005656386000108550010000198311999946862|25102019|25102019|379,00|2|0,00||379,00|9|0,00|0,00|0,00|0,00|0,00|0,00|0,00|0,00|0,00|0,00|||
|C170|1|B0357|ACUM ELET B100EP PIONEIRO|1,00000|UN|379,00|0,00|0|060|5405|5405|0,00|0,00|0,00|0,00|0,00|0,00|0|53||0,00|0,00|0,00|04|0,00|0,00|||0,00|04|0,00|0,00|||0,00||0,00|
|C190|060|5405|0,00|379,00|0,00|0,00|0,00|0,00|0,00|0,00||
|C100|1|0||55|02|001|19828|21191005656386000108550010000198281999946891|||||||||||||||||||||
|C100|1|0|7154|55|00|001|19829|21191005656386000108550010000198291999946880|25102019|25102019|900,00|2|0,00||900,00|9|0,00|0,00|0,00|0,00|0,00|0,00|0,00|0,00|0,00|0,00|||
|C170|1|B0357|ACUM ELET B100EP PIONEIRO|2,00000|UN|900,00|0,00|0|060|5405|5405|0,00|0,00|0,00|0,00|0,00|0,00|0|53||0,00|0,00|0,00|04|0,00|0,00|||0,00|04|0,00|0,00|||0,00||0,00|
|C190|060|5405|0,00|900,00|0,00|0,00|0,00|0,00|0,00|0,00||
|C100|1|0|4729|55|00|001|19830|21191005656386000108550010000198301999946873|25102019|25102019|270,00|2|0,00||270,00|9|0,00|0,00|0,00|0,00|0,00|0,00|0,00|0,00|0,00|0,00|||
|C170|1|8008|ACUM ELET MBR 6BS|3,00000|UN|270,00|0,00|0|060|5405|5405|0,00|0,00|0,00|0,00|0,00|0,00|0|53||0,00|0,00|0,00|04|0,00|0,00|||0,00|04|0,00|0,00|||0,00||0,00|
|C190|060|5405|0,00|270,00|0,00|0,00|0,00|0,00|0,00|0,00||
|C100|1|0|5726|55|00|001|19832|21191005656386000108550010000198321999946851|25102019|25102019|330,00|2|0,00||330,00|9|0,00|0,00|0,00|0,00|0,00|0,00|0,00|0,00|0,00|0,00|||
|C170|1|B0357|ACUM ELET B100EP PIONEIRO|1,00000|UN|330,00|0,00|0|060|5405|5405|0,00|0,00|0,00|0,00|0,00|0,00|0|53||0,00|0,00|0,00|04|0,00|0,00|||0,00|04|0,00|0,00|||0,00||0,00|
|C190|060|5405|0,00|330,00|0,00|0,00|0,00|0,00|0,00|0,00||
|C100|1|0|4702|55|00|001|19833|21191005656386000108550010000198331999946840|25102019|25102019|1440,00|2|0,00||1440,00|9|0,00|0,00|0,00|0,00|0,00|0,00|0,00|0,00|0,00|0,00|||
|C170|1|8001|ACUM ELET MBR 5BS|12,00000|UN|924,00|0,00|0|060|5405|5405|0,00|0,00|0,00|0,00|0,00|0,00|0|53||0,00|0,00|0,00|04|0,00|0,00|||0,00|04|0,00|0,00|||0,00||0,00|
|C170|2|8008|ACUM ELET MBR 6BS|6,00000|UN|516,00|0,00|0|060|5405|5405|0,00|0,00|0,00|0,00|0,00|0,00|0|53||0,00|0,00|0,00|04|0,00|0,00|||0,00|04|0,00|0,00|||0,00||0,00|
|C190|060|5405|0,00|1440,00|0,00|0,00|0,00|0,00|0,00|0,00||
|C100|1|0|6549|55|00|001|19834|21191005656386000108550010000198341999946830|25102019|25102019|1827,66|2|0,00||1827,66|9|0,00|0,00|0,00|0,00|0,00|0,00|0,00|0,00|0,00|0,00|||
|C170|1|8001|ACUM ELET MBR 5BS|18,00000|UN|1329,66|0,00|0|060|5405|5405|0,00|0,00|0,00|0,00|0,00|0,00|0|53||0,00|0,00|0,00|04|0,00|0,00|||0,00|04|0,00|0,00|||0,00||0,00|
|C170|2|8008|ACUM ELET MBR 6BS|6,00000|UN|498,00|0,00|0|060|5405|5405|0,00|0,00|0,00|0,00|0,00|0,00|0|53||0,00|0,00|0,00|04|0,00|0,00|||0,00|04|0,00|0,00|||0,00||0,00|
|C190|060|5405|0,00|1827,66|0,00|0,00|0,00|0,00|0,00|0,00||
|C100|1|0|6549|55|00|001|19835|21191005656386000108550010000198351999946829|25102019|25102019|73,84|2|0,00||73,84|9|0,00|0,00|0,00|0,00|0,00|0,00|0,00|0,00|0,00|0,00|||
|C170|1|8001|ACUM ELET MBR 5BS|1,00000|UN|73,84|0,00|0|060|5910|5910|0,00|0,00|0,00|0,00|0,00|0,00|0|53||0,00|0,00|0,00|04|0,00|0,00|||0,00|04|0,00|0,00|||0,00||0,00|
|C190|060|5910|0,00|73,84|0,00|0,00|0,00|0,00|0,00|0,00||
|C100|1|0|6529|55|00|001|19836|21191005656386000108550010000198361999946818|25102019|25102019|1300,00|2|0,00||1300,00|9|0,00|0,00|0,00|0,00|0,00|0,00|0,00|0,00|0,00|0,00|||
|C170|1|B0006|ACUM ELET B150DG PIONEIRO|2,00000|UN|1300,00|0,00|0|060|5405|5405|0,00|0,00|0,00|0,00|0,00|0,00|0|53||0,00|0,00|0,00|04|0,00|0,00|||0,00|04|0,00|0,00|||0,00||0,00|
|C190|060|5405|0,00|1300,00|0,00|0,00|0,00|0,00|0,00|0,00||
|C100|1|0|6694|55|00|001|19837|21191005656386000108550010000198371999946807|25102019|25102019|3531,00|2|0,00||3531,00|9|0,00|0,00|0,00|0,00|0,00|0,00|0,00|0,00|0,00|0,00|||
|C170|1|B0006|ACUM ELET B150DG PIONEIRO|2,00000|UN|1026,00|0,00|0|060|5405|5405|0,00|0,00|0,00|0,00|0,00|0,00|0|53||0,00|0,00|0,00|04|0,00|0,00|||0,00|04|0,00|0,00|||0,00||0,00|
|C170|2|B0357|ACUM ELET B100EP PIONEIRO|1,00000|UN|339,00|0,00|0|060|5405|5405|0,00|0,00|0,00|0,00|0,00|0,00|0|53||0,00|0,00|0,00|04|0,00|0,00|||0,00|04|0,00|0,00|||0,00||0,00|
|C170|3|F0012|ACUM ELET F60DG PIONEIRO|1,00000|UN|230,00|0,00|0|060|5405|5405|0,00|0,00|0,00|0,00|0,00|0,00|0|53||0,00|0,00|0,00|04|0,00|0,00|||0,00|04|0,00|0,00|||0,00||0,00|
|C170|4|F0012|ACUM ELET F60DG PIONEIRO|1,00000|UN|275,00|0,00|0|060|5405|5405|0,00|0,00|0,00|0,00|0,00|0,00|0|53||0,00|0,00|0,00|04|0,00|0,00|||0,00|04|0,00|0,00|||0,00||0,00|
|C170|5|F1105|ACUM ELET F90CD PIONEIRO|2,00000|UN|880,00|0,00|0|060|5405|5405|0,00|0,00|0,00|0,00|0,00|0,00|0|53||0,00|0,00|0,00|04|0,00|0,00|||0,00|04|0,00|0,00|||0,00||0,00|
|C170|6|B0357|ACUM ELET B100EP PIONEIRO|1,00000|UN|432,00|0,00|0|060|5405|5405|0,00|0,00|0,00|0,00|0,00|0,00|0|53||0,00|0,00|0,00|04|0,00|0,00|||0,00|04|0,00|0,00|||0,00||0,00|
|C170|7|F0018|ACUM ELET F70DG PIONEIRO|1,00000|UN|349,00|0,00|0|060|5405|5405|0,00|0,00|0,00|0,00|0,00|0,00|0|53||0,00|0,00|0,00|04|0,00|0,00|||0,00|04|0,00|0,00|||0,00||0,00|
|C190|060|5405|0,00|3531,00|0,00|0,00|0,00|0,00|0,00|0,00||
|C100|1|0|7186|55|00|001|19838|21191005656386000108550010000198381999946790|25102019|25102019|3231,36|2|0,00||3231,36|9|0,00|0,00|0,00|0,00|0,00|0,00|0,00|0,00|0,00|0,00|||
|C170|1|8001|ACUM ELET MBR 5BS|18,00000|UN|1520,64|0,00|0|060|5405|5405|0,00|0,00|0,00|0,00|0,00|0,00|0|53||0,00|0,00|0,00|04|0,00|0,00|||0,00|04|0,00|0,00|||0,00||0,00|
|C170|2|8008|ACUM ELET MBR 6BS|18,00000|UN|1710,72|0,00|0|060|5405|5405|0,00|0,00|0,00|0,00|0,00|0,00|0|53||0,00|0,00|0,00|04|0,00|0,00|||0,00|04|0,00|0,00|||0,00||0,00|
|C190|060|5405|0,00|3231,36|0,00|0,00|0,00|0,00|0,00|0,00||
|C100|1|0|7186|55|00|001|19839|21191005656386000108550010000198391999946780|25102019|25102019|179,52|2|0,00||179,52|9|0,00|0,00|0,00|0,00|0,00|0,00|0,00|0,00|0,00|0,00|||
|C170|1|8001|ACUM ELET MBR 5BS|1,00000|UN|84,48|0,00|0|060|5910|5910|0,00|0,00|0,00|0,00|0,00|0,00|0|53||0,00|0,00|0,00|04|0,00|0,00|||0,00|04|0,00|0,00|||0,00||0,00|
|C170|2|8008|ACUM ELET MBR 6BS|1,00000|UN|95,04|0,00|0|060|5910|5910|0,00|0,00|0,00|0,00|0,00|0,00|0|53||0,00|0,00|0,00|04|0,00|0,00|||0,00|04|0,00|0,00|||0,00||0,00|
|C190|060|5910|0,00|179,52|0,00|0,00|0,00|0,00|0,00|0,00||
|C100|1|0||55|02|001|19840|21191005656386000108550010000198401999946772|||||||||||||||||||||
|C100|1|0|7001|55|00|001|19841|21191005656386000108550010000198411999946761|26102019|26102019|1332,00|2|0,00||1332,00|9|0,00|0,00|0,00|0,00|0,00|0,00|0,00|0,00|0,00|0,00|||
|C170|1|8001|ACUM ELET MBR 5BS|18,00000|UN|1332,00|0,00|0|060|5405|5405|0,00|0,00|0,00|0,00|0,00|0,00|0|53||0,00|0,00|0,00|04|0,00|0,00|||0,00|04|0,00|0,00|||0,00||0,00|
|C190|060|5405|0,00|1332,00|0,00|0,00|0,00|0,00|0,00|0,00||
|C100|1|0|7001|55|00|001|19842|21191005656386000108550010000198421999946750|26102019|26102019|74,00|2|0,00||74,00|9|0,00|0,00|0,00|0,00|0,00|0,00|0,00|0,00|0,00|0,00|||
|C170|1|8001|ACUM ELET MBR 5BS|1,00000|UN|74,00|0,00|0|060|5910|5910|0,00|0,00|0,00|0,00|0,00|0,00|0|53||0,00|0,00|0,00|04|0,00|0,00|||0,00|04|0,00|0,00|||0,00||0,00|
|C190|060|5910|0,00|74,00|0,00|0,00|0,00|0,00|0,00|0,00||
|C100|1|0|6344|55|00|001|19843|21191005656386000108550010000198431999946740|26102019|26102019|466,56|2|0,00||466,56|9|0,00|0,00|0,00|0,00|0,00|0,00|0,00|0,00|0,00|0,00|||
|C170|1|8001|ACUM ELET MBR 5BS|6,00000|UN|466,56|0,00|0|060|5405|5405|0,00|0,00|0,00|0,00|0,00|0,00|0|53||0,00|0,00|0,00|04|0,00|0,00|||0,00|04|0,00|0,00|||0,00||0,00|
|C190|060|5405|0,00|466,56|0,00|0,00|0,00|0,00|0,00|0,00||
|C100|1|0|6466|55|00|001|19844|21191005656386000108550010000198441999946739|28102019|28102019|911,00|2|0,00||911,00|9|0,00|0,00|0,00|0,00|0,00|0,00|0,00|0,00|0,00|0,00|||
|C170|1|F0018|ACUM ELET F70DG PIONEIRO|2,00000|UN|594,00|0,00|1|060|5104|5104|0,00|0,00|0,00|0,00|0,00|0,00|0|53||0,00|0,00|0,00|04|0,00|0,00|||0,00|04|0,00|0,00|||0,00||0,00|
|C170|2|F1101|ACUM ELET F75PD PIONEIRO|1,00000|UN|317,00|0,00|1|060|5104|5104|0,00|0,00|0,00|0,00|0,00|0,00|0|53||0,00|0,00|0,00|04|0,00|0,00|||0,00|04|0,00|0,00|||0,00||0,00|
|C190|060|5104|0,00|911,00|0,00|0,00|0,00|0,00|0,00|0,00||
|C100|1|0|6376|55|00|001|19845|21191005656386000108550010000198451999946728|28102019|28102019|227,00|2|0,00||227,00|9|0,00|0,00|0,00|0,00|0,00|0,00|0,00|0,00|0,00|0,00|||
|C170|1|F0888|ACUM ELET F52GD  PIONEIRO|1,00000|UN|227,00|0,00|0|060|5405|5405|0,00|0,00|0,00|0,00|0,00|0,00|0|53||0,00|0,00|0,00|04|0,00|0,00|||0,00|04|0,00|0,00|||0,00||0,00|
|C190|060|5405|0,00|227,00|0,00|0,00|0,00|0,00|0,00|0,00||
|C100|1|0|7187|55|00|001|19846|21191005656386000108550010000198461999946717|28102019|28102019|492,00|2|0,00||492,00|9|0,00|0,00|0,00|0,00|0,00|0,00|0,00|0,00|0,00|0,00|||
|C170|1|8008|ACUM ELET MBR 6BS|6,00000|UN|492,00|0,00|1|060|5104|5104|0,00|0,00|0,00|0,00|0,00|0,00|0|53||0,00|0,00|0,00|04|0,00|0,00|||0,00|04|0,00|0,00|||0,00||0,00|
|C190|060|5104|0,00|492,00|0,00|0,00|0,00|0,00|0,00|0,00||
|C100|1|0|6673|55|00|001|19847|21191005656386000108550010000198471999946706|28102019|28102019|1162,00|2|0,00||1162,00|9|0,00|0,00|0,00|0,00|0,00|0,00|0,00|0,00|0,00|0,00|||
|C170|1|F0018|ACUM ELET F70DG PIONEIRO|2,00000|UN|712,00|0,00|0|060|5405|5405|0,00|0,00|0,00|0,00|0,00|0,00|0|53||0,00|0,00|0,00|04|0,00|0,00|||0,00|04|0,00|0,00|||0,00||0,00|
|C170|2|F1105|ACUM ELET F90CD PIONEIRO|1,00000|UN|450,00|0,00|0|060|5405|5405|0,00|0,00|0,00|0,00|0,00|0,00|0|53||0,00|0,00|0,00|04|0,00|0,00|||0,00|04|0,00|0,00|||0,00||0,00|
|C190|060|5405|0,00|1162,00|0,00|0,00|0,00|0,00|0,00|0,00||
|C100|1|0|6018|55|00|001|19868|21191005656386000108550010000198681999946498|28102019|28102019|162,45|2|0,00||162,45|9|0,00|0,00|0,00|0,00|0,00|0,00|0,00|0,00|0,00|0,00|||
|C170|1|8001|ACUM ELET MBR 5BS|1,00000|UN|76,95|0,00|1|060|5104|5104|0,00|0,00|0,00|0,00|0,00|0,00|0|53||0,00|0,00|0,00|04|0,00|0,00|||0,00|04|0,00|0,00|||0,00||0,00|
|C170|2|8008|ACUM ELET MBR 6BS|1,00000|UN|85,50|0,00|1|060|5104|5104|0,00|0,00|0,00|0,00|0,00|0,00|0|53||0,00|0,00|0,00|04|0,00|0,00|||0,00|04|0,00|0,00|||0,00||0,00|
|C190|060|5104|0,00|162,45|0,00|0,00|0,00|0,00|0,00|0,00||
|C100|1|0|1|55|00|001|19848|21191005656386000108550010000198481999946690|28102019|28102019|48568,00|2|0,00||48568,00|9|0,00|0,00|0,00|0,00|0,00|0,00|0,00|0,00|0,00|0,00|||
|C170|1|8001|ACUM ELET MBR 5BS|126,00000|UN|11088,00|0,00|1|060|5104|5104|0,00|0,00|0,00|0,00|0,00|0,00|0|53||0,00|0,00|0,00|04|0,00|0,00|||0,00|04|0,00|0,00|||0,00||0,00|
|C170|2|8008|ACUM ELET MBR 6BS|126,00000|UN|12348,00|0,00|1|060|5104|5104|0,00|0,00|0,00|0,00|0,00|0,00|0|53||0,00|0,00|0,00|04|0,00|0,00|||0,00|04|0,00|0,00|||0,00||0,00|
|C170|3|8003|ACUM ELET MBR 7BS|60,00000|UN|6600,00|0,00|1|060|5104|5104|0,00|0,00|0,00|0,00|0,00|0,00|0|53||0,00|0,00|0,00|04|0,00|0,00|||0,00|04|0,00|0,00|||0,00||0,00|
|C170|4|8060|ACUM ELET ALF2 PIONEIRO TECH|6,00000|UN|294,00|0,00|1|060|5104|5104|0,00|0,00|0,00|0,00|0,00|0,00|0|53||0,00|0,00|0,00|04|0,00|0,00|||0,00|04|0,00|0,00|||0,00||0,00|
|C170|5|8061|ACUM ELET 7F2 PIONEIRO TECH|6,00000|UN|330,00|0,00|1|060|5104|5104|0,00|0,00|0,00|0,00|0,00|0,00|0|53||0,00|0,00|0,00|04|0,00|0,00|||0,00|04|0,00|0,00|||0,00||0,00|
|C170|6|8062|ACUM ELET 9F2 PIONEIRO TECH|6,00000|UN|414,00|0,00|1|060|5104|5104|0,00|0,00|0,00|0,00|0,00|0,00|0|53||0,00|0,00|0,00|04|0,00|0,00|||0,00|04|0,00|0,00|||0,00||0,00|
|C170|7|F0437|ACUM ELET F48GD PIONEIRO|4,00000|UN|992,00|0,00|1|060|5104|5104|0,00|0,00|0,00|0,00|0,00|0,00|0|53||0,00|0,00|0,00|04|0,00|0,00|||0,00|04|0,00|0,00|||0,00||0,00|
|C170|8|F0008|ACUM ELET F50D PIONEIRO|4,00000|UN|952,00|0,00|1|060|5104|5104|0,00|0,00|0,00|0,00|0,00|0,00|0|53||0,00|0,00|0,00|04|0,00|0,00|||0,00|04|0,00|0,00|||0,00||0,00|
|C170|9|F0012|ACUM ELET F60DG PIONEIRO|14,00000|UN|4130,00|0,00|1|060|5104|5104|0,00|0,00|0,00|0,00|0,00|0,00|0|53||0,00|0,00|0,00|04|0,00|0,00|||0,00|04|0,00|0,00|||0,00||0,00|
|C170|10|F0188|ACUM ELET F60D PIONEIRO|8,00000|UN|2240,00|0,00|1|060|5104|5104|0,00|0,00|0,00|0,00|0,00|0,00|0|53||0,00|0,00|0,00|04|0,00|0,00|||0,00|04|0,00|0,00|||0,00||0,00|
|C170|11|F0829|ACUM ELET F60DN PIONEIRO|6,00000|UN|1314,00|0,00|1|060|5104|5104|0,00|0,00|0,00|0,00|0,00|0,00|0|53||0,00|0,00|0,00|04|0,00|0,00|||0,00|04|0,00|0,00|||0,00||0,00|
|C170|12|F0018|ACUM ELET F70DG PIONEIRO|2,00000|UN|724,00|0,00|1|060|5104|5104|0,00|0,00|0,00|0,00|0,00|0,00|0|53||0,00|0,00|0,00|04|0,00|0,00|||0,00|04|0,00|0,00|||0,00||0,00|
|C170|13|F1101|ACUM ELET F75PD PIONEIRO|4,00000|UN|1540,00|0,00|1|060|5104|5104|0,00|0,00|0,00|0,00|0,00|0,00|0|53||0,00|0,00|0,00|04|0,00|0,00|||0,00|04|0,00|0,00|||0,00||0,00|
|C170|14|F1105|ACUM ELET F90CD PIONEIRO|2,00000|UN|748,00|0,00|1|060|5104|5104|0,00|0,00|0,00|0,00|0,00|0,00|0|53||0,00|0,00|0,00|04|0,00|0,00|||0,00|04|0,00|0,00|||0,00||0,00|
|C170|15|F1097|ACUM ELET F100DS PIONEIRO|2,00000|UN|894,00|0,00|1|060|5104|5104|0,00|0,00|0,00|0,00|0,00|0,00|0|53||0,00|0,00|0,00|04|0,00|0,00|||0,00|04|0,00|0,00|||0,00||0,00|
|C170|16|B0273|ACUM ELET B110E PIONEIRO|2,00000|UN|964,00|0,00|1|060|5104|5104|0,00|0,00|0,00|0,00|0,00|0,00|0|53||0,00|0,00|0,00|04|0,00|0,00|||0,00|04|0,00|0,00|||0,00||0,00|
|C170|17|B0356|ACUM ELET B150DN PIONEIRO|2,00000|UN|1152,00|0,00|1|060|5104|5104|0,00|0,00|0,00|0,00|0,00|0,00|0|53||0,00|0,00|0,00|04|0,00|0,00|||0,00|04|0,00|0,00|||0,00||0,00|
|C170|18|B0006|ACUM ELET B150DG PIONEIRO|2,00000|UN|1376,00|0,00|1|060|5104|5104|0,00|0,00|0,00|0,00|0,00|0,00|0|53||0,00|0,00|0,00|04|0,00|0,00|||0,00|04|0,00|0,00|||0,00||0,00|
|C170|19|F0436|ACUM ELET F45D PIONEIRO|2,00000|UN|468,00|0,00|1|060|5104|5104|0,00|0,00|0,00|0,00|0,00|0,00|0|53||0,00|0,00|0,00|04|0,00|0,00|||0,00|04|0,00|0,00|||0,00||0,00|
|C190|060|5104|0,00|48568,00|0,00|0,00|0,00|0,00|0,00|0,00||
|C100|1|0|3964|55|00|001|19849|21191005656386000108550010000198491999946689|28102019|28102019|1154,00|2|0,00||1154,00|9|0,00|0,00|0,00|0,00|0,00|0,00|0,00|0,00|0,00|0,00|||
|C170|1|B0006|ACUM ELET B150DG PIONEIRO|2,00000|UN|1154,00|0,00|0|060|5405|5405|0,00|0,00|0,00|0,00|0,00|0,00|0|53||0,00|0,00|0,00|04|0,00|0,00|||0,00|04|0,00|0,00|||0,00||0,00|
|C190|060|5405|0,00|1154,00|0,00|0,00|0,00|0,00|0,00|0,00||
|C100|1|0|6867|55|00|001|19851|21191005656386000108550010000198511999946660|28102019|28102019|606,00|2|0,00||606,00|9|0,00|0,00|0,00|0,00|0,00|0,00|0,00|0,00|0,00|0,00|||
|C170|1|F0194|ACUM ELET F60DX PIONEIRO|1,00000|UN|245,00|0,00|0|060|5405|5405|0,00|0,00|0,00|0,00|0,00|0,00|0|53||0,00|0,00|0,00|04|0,00|0,00|||0,00|04|0,00|0,00|||0,00||0,00|
|C170|2|F0829|ACUM ELET F60DN PIONEIRO|1,00000|UN|165,00|0,00|0|060|5405|5405|0,00|0,00|0,00|0,00|0,00|0,00|0|53||0,00|0,00|0,00|04|0,00|0,00|||0,00|04|0,00|0,00|||0,00||0,00|
|C170|3|F0437|ACUM ELET F48GD PIONEIRO|1,00000|UN|196,00|0,00|0|060|5405|5405|0,00|0,00|0,00|0,00|0,00|0,00|0|53||0,00|0,00|0,00|04|0,00|0,00|||0,00|04|0,00|0,00|||0,00||0,00|
|C190|060|5405|0,00|606,00|0,00|0,00|0,00|0,00|0,00|0,00||
|C100|1|0|6340|55|00|001|19850|21191005656386000108550010000198501999946671|28102019|28102019|462,00|2|0,00||462,00|9|0,00|0,00|0,00|0,00|0,00|0,00|0,00|0,00|0,00|0,00|||
|C170|1|8001|ACUM ELET MBR 5BS|6,00000|UN|462,00|0,00|0|060|5405|5405|0,00|0,00|0,00|0,00|0,00|0,00|0|53||0,00|0,00|0,00|04|0,00|0,00|||0,00|04|0,00|0,00|||0,00||0,00|
|C190|060|5405|0,00|462,00|0,00|0,00|0,00|0,00|0,00|0,00||
|C100|1|0|628|55|00|001|19852|21191005656386000108550010000198521999946650|28102019|28102019|324,30|2|0,00||324,30|9|0,00|0,00|0,00|0,00|0,00|0,00|0,00|0,00|0,00|0,00|||
|C170|1|8001|ACUM ELET MBR 5BS|2,00000|UN|146,30|0,00|0|060|5405|5405|0,00|0,00|0,00|0,00|0,00|0,00|0|53||0,00|0,00|0,00|04|0,00|0,00|||0,00|04|0,00|0,00|||0,00||0,00|
|C170|2|8003|ACUM ELET MBR 7BS|2,00000|UN|178,00|0,00|0|060|5405|5405|0,00|0,00|0,00|0,00|0,00|0,00|0|53||0,00|0,00|0,00|04|0,00|0,00|||0,00|04|0,00|0,00|||0,00||0,00|
|C190|060|5405|0,00|324,30|0,00|0,00|0,00|0,00|0,00|0,00||
|C100|1|0|5455|55|00|001|19899|21191005656386000108550010000198991999946184|28102019|28102019|308,00|2|0,00||308,00|9|0,00|0,00|0,00|0,00|0,00|0,00|0,00|0,00|0,00|0,00|||
|C170|1|F1101|ACUM ELET F75PD PIONEIRO|1,00000|UN|308,00|0,00|0|060|5405|5405|0,00|0,00|0,00|0,00|0,00|0,00|0|53||0,00|0,00|0,00|04|0,00|0,00|||0,00|04|0,00|0,00|||0,00||0,00|
|C190|060|5405|0,00|308,00|0,00|0,00|0,00|0,00|0,00|0,00||
|C100|1|0|5926|55|00|001|19853|21191005656386000108550010000198531999946649|28102019|28102019|364,00|2|0,00||364,00|9|0,00|0,00|0,00|0,00|0,00|0,00|0,00|0,00|0,00|0,00|||
|C170|1|F1105|ACUM ELET F90CD PIONEIRO|1,00000|UN|364,00|0,00|0|060|5405|5405|0,00|0,00|0,00|0,00|0,00|0,00|0|53||0,00|0,00|0,00|04|0,00|0,00|||0,00|04|0,00|0,00|||0,00||0,00|
|C190|060|5405|0,00|364,00|0,00|0,00|0,00|0,00|0,00|0,00||
|C100|1|0|6234|55|00|001|19854|21191005656386000108550010000198541999946638|28102019|28102019|470,00|2|0,00||470,00|9|0,00|0,00|0,00|0,00|0,00|0,00|0,00|0,00|0,00|0,00|||
|C170|1|F1105|ACUM ELET F90CD PIONEIRO|1,00000|UN|470,00|0,00|0|060|5405|5405|0,00|0,00|0,00|0,00|0,00|0,00|0|53||0,00|0,00|0,00|04|0,00|0,00|||0,00|04|0,00|0,00|||0,00||0,00|
|C190|060|5405|0,00|470,00|0,00|0,00|0,00|0,00|0,00|0,00||
|C100|1|0|6300|55|00|001|19855|21191005656386000108550010000198551999946627|28102019|28102019|1934,00|2|0,00||1934,00|9|0,00|0,00|0,00|0,00|0,00|0,00|0,00|0,00|0,00|0,00|||
|C170|1|8001|ACUM ELET MBR 5BS|6,00000|UN|426,00|0,00|0|060|5405|5405|0,00|0,00|0,00|0,00|0,00|0,00|0|53||0,00|0,00|0,00|04|0,00|0,00|||0,00|04|0,00|0,00|||0,00||0,00|
|C170|2|8026|ACUM ELET MBR 9AYS|2,00000|UN|244,00|0,00|0|060|5405|5405|0,00|0,00|0,00|0,00|0,00|0,00|0|53||0,00|0,00|0,00|04|0,00|0,00|||0,00|04|0,00|0,00|||0,00||0,00|
|C170|3|B0170|ACUM ELET B180EX PIONEIRO|2,00000|UN|1264,00|0,00|0|060|5405|5405|0,00|0,00|0,00|0,00|0,00|0,00|0|53||0,00|0,00|0,00|04|0,00|0,00|||0,00|04|0,00|0,00|||0,00||0,00|
|C190|060|5405|0,00|1934,00|0,00|0,00|0,00|0,00|0,00|0,00||
|C100|1|0|6915|55|00|001|19856|21191005656386000108550010000198561999946616|28102019|28102019|940,00|2|0,00||940,00|9|0,00|0,00|0,00|0,00|0,00|0,00|0,00|0,00|0,00|0,00|||
|C170|1|F0012|ACUM ELET F60DG PIONEIRO|4,00000|UN|940,00|0,00|0|060|5405|5405|0,00|0,00|0,00|0,00|0,00|0,00|0|53||0,00|0,00|0,00|04|0,00|0,00|||0,00|04|0,00|0,00|||0,00||0,00|
|C190|060|5405|0,00|940,00|0,00|0,00|0,00|0,00|0,00|0,00||
|C100|1|0|6082|55|00|001|19857|21191005656386000108550010000198571999946605|28102019|28102019|582,00|2|0,00||582,00|9|0,00|0,00|0,00|0,00|0,00|0,00|0,00|0,00|0,00|0,00|||
|C170|1|F0829|ACUM ELET F60DN PIONEIRO|2,00000|UN|340,00|0,00|1|060|5104|5104|0,00|0,00|0,00|0,00|0,00|0,00|0|53||0,00|0,00|0,00|04|0,00|0,00|||0,00|04|0,00|0,00|||0,00||0,00|
|C170|2|F0012|ACUM ELET F60DG PIONEIRO|1,00000|UN|242,00|0,00|1|060|5104|5104|0,00|0,00|0,00|0,00|0,00|0,00|0|53||0,00|0,00|0,00|04|0,00|0,00|||0,00|04|0,00|0,00|||0,00||0,00|
|C190|060|5104|0,00|582,00|0,00|0,00|0,00|0,00|0,00|0,00||
|C100|1|0|6377|55|00|001|19858|21191005656386000108550010000198581999946599|28102019|28102019|258,00|2|0,00||258,00|9|0,00|0,00|0,00|0,00|0,00|0,00|0,00|0,00|0,00|0,00|||
|C170|1|F0012|ACUM ELET F60DG PIONEIRO|1,00000|UN|258,00|0,00|0|060|5405|5405|0,00|0,00|0,00|0,00|0,00|0,00|0|53||0,00|0,00|0,00|04|0,00|0,00|||0,00|04|0,00|0,00|||0,00||0,00|
|C190|060|5405|0,00|258,00|0,00|0,00|0,00|0,00|0,00|0,00||
|C100|1|0|5734|55|00|001|19859|21191005656386000108550010000198591999946588|28102019|28102019|156,00|2|0,00||156,00|9|0,00|0,00|0,00|0,00|0,00|0,00|0,00|0,00|0,00|0,00|||
|C170|1|8008|ACUM ELET MBR 6BS|2,00000|UN|156,00|0,00|0|060|5405|5405|0,00|0,00|0,00|0,00|0,00|0,00|0|53||0,00|0,00|0,00|04|0,00|0,00|||0,00|04|0,00|0,00|||0,00||0,00|
|C190|060|5405|0,00|156,00|0,00|0,00|0,00|0,00|0,00|0,00||
|C100|1|0|6319|55|00|001|19860|21191005656386000108550010000198601999946570|28102019|28102019|460,00|2|0,00||460,00|9|0,00|0,00|0,00|0,00|0,00|0,00|0,00|0,00|0,00|0,00|||
|C170|1|B0357|ACUM ELET B100EP PIONEIRO|1,00000|UN|460,00|0,00|0|060|5405|5405|0,00|0,00|0,00|0,00|0,00|0,00|0|53||0,00|0,00|0,00|04|0,00|0,00|||0,00|04|0,00|0,00|||0,00||0,00|
|C190|060|5405|0,00|460,00|0,00|0,00|0,00|0,00|0,00|0,00||
|C100|1|0|7099|55|00|001|19861|21191005656386000108550010000198611999946560|28102019|28102019|468,00|2|0,00||468,00|9|0,00|0,00|0,00|0,00|0,00|0,00|0,00|0,00|0,00|0,00|||
|C170|1|8001|ACUM ELET MBR 5BS|6,00000|UN|468,00|0,00|1|060|5104|5104|0,00|0,00|0,00|0,00|0,00|0,00|0|53||0,00|0,00|0,00|04|0,00|0,00|||0,00|04|0,00|0,00|||0,00||0,00|
|C190|060|5104|0,00|468,00|0,00|0,00|0,00|0,00|0,00|0,00||
|C100|1|0|5033|55|00|001|19862|21191005656386000108550010000198621999946559|28102019|28102019|504,00|2|0,00||504,00|9|0,00|0,00|0,00|0,00|0,00|0,00|0,00|0,00|0,00|0,00|||
|C170|1|8001|ACUM ELET MBR 5BS|6,00000|UN|504,00|0,00|0|060|5405|5405|0,00|0,00|0,00|0,00|0,00|0,00|0|53||0,00|0,00|0,00|04|0,00|0,00|||0,00|04|0,00|0,00|||0,00||0,00|
|C190|060|5405|0,00|504,00|0,00|0,00|0,00|0,00|0,00|0,00||
|C100|1|0|5323|55|00|001|19863|21191005656386000108550010000198631999946548|28102019|28102019|960,00|2|0,00||960,00|9|0,00|0,00|0,00|0,00|0,00|0,00|0,00|0,00|0,00|0,00|||
|C170|1|F0829|ACUM ELET F60DN PIONEIRO|2,00000|UN|324,00|0,00|1|060|5104|5104|0,00|0,00|0,00|0,00|0,00|0,00|0|53||0,00|0,00|0,00|04|0,00|0,00|||0,00|04|0,00|0,00|||0,00||0,00|
|C170|2|8008|ACUM ELET MBR 6BS|2,00000|UN|158,00|0,00|1|060|5104|5104|0,00|0,00|0,00|0,00|0,00|0,00|0|53||0,00|0,00|0,00|04|0,00|0,00|||0,00|04|0,00|0,00|||0,00||0,00|
|C170|3|8003|ACUM ELET MBR 7BS|3,00000|UN|264,00|0,00|1|060|5104|5104|0,00|0,00|0,00|0,00|0,00|0,00|0|53||0,00|0,00|0,00|04|0,00|0,00|||0,00|04|0,00|0,00|||0,00||0,00|
|C170|4|F0829|ACUM ELET F60DN PIONEIRO|1,00000|UN|214,00|0,00|1|060|5104|5104|0,00|0,00|0,00|0,00|0,00|0,00|0|53||0,00|0,00|0,00|04|0,00|0,00|||0,00|04|0,00|0,00|||0,00||0,00|
|C190|060|5104|0,00|960,00|0,00|0,00|0,00|0,00|0,00|0,00||
|C100|1|0|1928|55|00|001|19864|21191005656386000108550010000198641999946537|28102019|28102019|546,00|2|0,00||546,00|9|0,00|0,00|0,00|0,00|0,00|0,00|0,00|0,00|0,00|0,00|||
|C170|1|8008|ACUM ELET MBR 6BS|6,00000|UN|546,00|0,00|1|060|5104|5104|0,00|0,00|0,00|0,00|0,00|0,00|0|53||0,00|0,00|0,00|04|0,00|0,00|||0,00|04|0,00|0,00|||0,00||0,00|
|C190|060|5104|0,00|546,00|0,00|0,00|0,00|0,00|0,00|0,00||
|C100|1|0|5465|55|00|001|19865|21191005656386000108550010000198651999946526|28102019|28102019|748,00|2|0,00||748,00|9|0,00|0,00|0,00|0,00|0,00|0,00|0,00|0,00|0,00|0,00|||
|C170|1|8008|ACUM ELET MBR 6BS|6,00000|UN|546,00|0,00|1|060|5104|5104|0,00|0,00|0,00|0,00|0,00|0,00|0|53||0,00|0,00|0,00|04|0,00|0,00|||0,00|04|0,00|0,00|||0,00||0,00|
|C170|2|8003|ACUM ELET MBR 7BS|2,00000|UN|202,00|0,00|1|060|5104|5104|0,00|0,00|0,00|0,00|0,00|0,00|0|53||0,00|0,00|0,00|04|0,00|0,00|||0,00|04|0,00|0,00|||0,00||0,00|
|C190|060|5104|0,00|748,00|0,00|0,00|0,00|0,00|0,00|0,00||
|C100|1|0|4729|55|00|001|19866|21191005656386000108550010000198661999946515|29102019|29102019|246,00|2|0,00||246,00|9|0,00|0,00|0,00|0,00|0,00|0,00|0,00|0,00|0,00|0,00|||
|C170|1|8008|ACUM ELET MBR 6BS|3,00000|UN|246,00|0,00|0|060|5405|5405|0,00|0,00|0,00|0,00|0,00|0,00|0|53||0,00|0,00|0,00|04|0,00|0,00|||0,00|04|0,00|0,00|||0,00||0,00|
|C190|060|5405|0,00|246,00|0,00|0,00|0,00|0,00|0,00|0,00||
|C100|1|0|4974|55|00|001|19867|21191005656386000108550010000198671999946504|29102019|29102019|1010,00|2|0,00||1010,00|9|0,00|0,00|0,00|0,00|0,00|0,00|0,00|0,00|0,00|0,00|||
|C170|1|F0012|ACUM ELET F60DG PIONEIRO|2,00000|UN|484,00|0,00|1|060|5104|5104|0,00|0,00|0,00|0,00|0,00|0,00|0|53||0,00|0,00|0,00|04|0,00|0,00|||0,00|04|0,00|0,00|||0,00||0,00|
|C170|2|8001|ACUM ELET MBR 5BS|2,00000|UN|162,00|0,00|1|060|5104|5104|0,00|0,00|0,00|0,00|0,00|0,00|0|53||0,00|0,00|0,00|04|0,00|0,00|||0,00|04|0,00|0,00|||0,00||0,00|
|C170|3|8008|ACUM ELET MBR 6BS|4,00000|UN|364,00|0,00|1|060|5104|5104|0,00|0,00|0,00|0,00|0,00|0,00|0|53||0,00|0,00|0,00|04|0,00|0,00|||0,00|04|0,00|0,00|||0,00||0,00|
|C190|060|5104|0,00|1010,00|0,00|0,00|0,00|0,00|0,00|0,00||
|C100|1|0|6640|55|00|001|19869|21191005656386000108550010000198691999946487|29102019|29102019|436,00|2|0,00||436,00|9|0,00|0,00|0,00|0,00|0,00|0,00|0,00|0,00|0,00|0,00|||
|C170|1|F0829|ACUM ELET F60DN PIONEIRO|2,00000|UN|436,00|0,00|0|060|5405|5405|0,00|0,00|0,00|0,00|0,00|0,00|0|53||0,00|0,00|0,00|04|0,00|0,00|||0,00|04|0,00|0,00|||0,00||0,00|
|C190|060|5405|0,00|436,00|0,00|0,00|0,00|0,00|0,00|0,00||
|C100|1|0|4761|55|00|001|19870|21191005656386000108550010000198701999946470|29102019|29102019|231,00|2|0,00||231,00|9|0,00|0,00|0,00|0,00|0,00|0,00|0,00|0,00|0,00|0,00|||
|C170|1|8001|ACUM ELET MBR 5BS|3,00000|UN|231,00|0,00|1|060|5104|5104|0,00|0,00|0,00|0,00|0,00|0,00|0|53||0,00|0,00|0,00|04|0,00|0,00|||0,00|04|0,00|0,00|||0,00||0,00|
|C190|060|5104|0,00|231,00|0,00|0,00|0,00|0,00|0,00|0,00||
|C100|1|0|6669|55|00|001|19876|21191005656386000108550010000198761999946414|29102019|29102019|470,00|2|0,00||470,00|9|0,00|0,00|0,00|0,00|0,00|0,00|0,00|0,00|0,00|0,00|||
|C170|1|F0012|ACUM ELET F60DG PIONEIRO|2,00000|UN|470,00|0,00|0|060|5405|5405|0,00|0,00|0,00|0,00|0,00|0,00|0|53||0,00|0,00|0,00|04|0,00|0,00|||0,00|04|0,00|0,00|||0,00||0,00|
|C190|060|5405|0,00|470,00|0,00|0,00|0,00|0,00|0,00|0,00||
|C100|1|0|5701|55|00|001|19871|21191005656386000108550010000198711999946469|29102019|29102019|498,00|2|0,00||498,00|9|0,00|0,00|0,00|0,00|0,00|0,00|0,00|0,00|0,00|0,00|||
|C170|1|F0436|ACUM ELET F45D PIONEIRO|1,00000|UN|180,00|0,00|0|060|5405|5405|0,00|0,00|0,00|0,00|0,00|0,00|0|53||0,00|0,00|0,00|04|0,00|0,00|||0,00|04|0,00|0,00|||0,00||0,00|
|C170|2|F0018|ACUM ELET F70DG PIONEIRO|1,00000|UN|318,00|0,00|0|060|5405|5405|0,00|0,00|0,00|0,00|0,00|0,00|0|53||0,00|0,00|0,00|04|0,00|0,00|||0,00|04|0,00|0,00|||0,00||0,00|
|C190|060|5405|0,00|498,00|0,00|0,00|0,00|0,00|0,00|0,00||
|C100|1|0|5632|55|00|001|19873|21191005656386000108550010000198731999946447|29102019|29102019|677,00|2|0,00||677,00|9|0,00|0,00|0,00|0,00|0,00|0,00|0,00|0,00|0,00|0,00|||
|C170|1|8008|ACUM ELET MBR 6BS|5,00000|UN|450,00|0,00|0|060|5405|5405|0,00|0,00|0,00|0,00|0,00|0,00|0|53||0,00|0,00|0,00|04|0,00|0,00|||0,00|04|0,00|0,00|||0,00||0,00|
|C170|2|F0188|ACUM ELET F60D PIONEIRO|1,00000|UN|227,00|0,00|0|060|5405|5405|0,00|0,00|0,00|0,00|0,00|0,00|0|53||0,00|0,00|0,00|04|0,00|0,00|||0,00|04|0,00|0,00|||0,00||0,00|
|C190|060|5405|0,00|677,00|0,00|0,00|0,00|0,00|0,00|0,00||
|C100|1|0|6722|55|00|001|19874|21191005656386000108550010000198741999946436|29102019|29102019|2112,00|2|0,00||2112,00|9|0,00|0,00|0,00|0,00|0,00|0,00|0,00|0,00|0,00|0,00|||
|C170|1|8001|ACUM ELET MBR 5BS|24,00000|UN|2112,00|0,00|0|060|5405|5405|0,00|0,00|0,00|0,00|0,00|0,00|0|53||0,00|0,00|0,00|04|0,00|0,00|||0,00|04|0,00|0,00|||0,00||0,00|
|C190|060|5405|0,00|2112,00|0,00|0,00|0,00|0,00|0,00|0,00||
|C100|1|0|6722|55|00|001|19875|21191005656386000108550010000198751999946425|29102019|29102019|88,00|2|0,00||88,00|9|0,00|0,00|0,00|0,00|0,00|0,00|0,00|0,00|0,00|0,00|||
|C170|1|8001|ACUM ELET MBR 5BS|1,00000|UN|88,00|0,00|0|060|5910|5910|0,00|0,00|0,00|0,00|0,00|0,00|0|53||0,00|0,00|0,00|04|0,00|0,00|||0,00|04|0,00|0,00|||0,00||0,00|
|C190|060|5910|0,00|88,00|0,00|0,00|0,00|0,00|0,00|0,00||
|C100|1|0|5323|55|00|001|19877|21191005656386000108550010000198771999946403|29102019|29102019|1614,00|2|0,00||1614,00|9|0,00|0,00|0,00|0,00|0,00|0,00|0,00|0,00|0,00|0,00|||
|C170|1|F0012|ACUM ELET F60DG PIONEIRO|5,00000|UN|1150,00|0,00|1|060|5104|5104|0,00|0,00|0,00|0,00|0,00|0,00|0|53||0,00|0,00|0,00|04|0,00|0,00|||0,00|04|0,00|0,00|||0,00||0,00|
|C170|2|F1101|ACUM ELET F75PD PIONEIRO|1,00000|UN|302,00|0,00|1|060|5104|5104|0,00|0,00|0,00|0,00|0,00|0,00|0|53||0,00|0,00|0,00|04|0,00|0,00|||0,00|04|0,00|0,00|||0,00||0,00|
|C170|3|F0829|ACUM ELET F60DN PIONEIRO|1,00000|UN|162,00|0,00|1|060|5104|5104|0,00|0,00|0,00|0,00|0,00|0,00|0|53||0,00|0,00|0,00|04|0,00|0,00|||0,00|04|0,00|0,00|||0,00||0,00|
|C190|060|5104|0,00|1614,00|0,00|0,00|0,00|0,00|0,00|0,00||
|C100|1|0|6866|55|00|001|19878|21191005656386000108550010000198781999946397|29102019|29102019|196,00|2|0,00||196,00|9|0,00|0,00|0,00|0,00|0,00|0,00|0,00|0,00|0,00|0,00|||
|C170|1|F0437|ACUM ELET F48GD PIONEIRO|1,00000|UN|196,00|0,00|0|060|5405|5405|0,00|0,00|0,00|0,00|0,00|0,00|0|53||0,00|0,00|0,00|04|0,00|0,00|||0,00|04|0,00|0,00|||0,00||0,00|
|C190|060|5405|0,00|196,00|0,00|0,00|0,00|0,00|0,00|0,00||
|C100|1|0|6757|55|00|001|19880|21191005656386000108550010000198801999946379|29102019|29102019|221,61|2|0,00||221,61|9|0,00|0,00|0,00|0,00|0,00|0,00|0,00|0,00|0,00|0,00|||
|C170|1|8001|ACUM ELET MBR 5BS|3,00000|UN|221,61|0,00|1|060|5104|5104|0,00|0,00|0,00|0,00|0,00|0,00|0|53||0,00|0,00|0,00|04|0,00|0,00|||0,00|04|0,00|0,00|||0,00||0,00|
|C190|060|5104|0,00|221,61|0,00|0,00|0,00|0,00|0,00|0,00||
|C100|1|0|6858|55|00|001|19879|21191005656386000108550010000198791999946386|07102019|07102019|300,00|2|0,00||300,00|9|0,00|0,00|0,00|0,00|0,00|0,00|0,00|0,00|0,00|0,00|||
|C170|1|F1101|ACUM ELET F75PD PIONEIRO|1,00000|UN|300,00|0,00|0|060|5405|5405|0,00|0,00|0,00|0,00|0,00|0,00|0|53||0,00|0,00|0,00|04|0,00|0,00|||0,00|04|0,00|0,00|||0,00||0,00|
|C190|060|5405|0,00|300,00|0,00|0,00|0,00|0,00|0,00|0,00||
|C100|1|0|7188|55|00|001|19881|21191005656386000108550010000198811999946368|29102019|29102019|326,00|2|0,00||326,00|9|0,00|0,00|0,00|0,00|0,00|0,00|0,00|0,00|0,00|0,00|||
|C170|1|8001|ACUM ELET MBR 5BS|2,00000|UN|156,00|0,00|1|060|5104|5104|0,00|0,00|0,00|0,00|0,00|0,00|0|53||0,00|0,00|0,00|04|0,00|0,00|||0,00|04|0,00|0,00|||0,00||0,00|
|C170|2|F0829|ACUM ELET F60DN PIONEIRO|1,00000|UN|170,00|0,00|1|060|5104|5104|0,00|0,00|0,00|0,00|0,00|0,00|0|53||0,00|0,00|0,00|04|0,00|0,00|||0,00|04|0,00|0,00|||0,00||0,00|
|C190|060|5104|0,00|326,00|0,00|0,00|0,00|0,00|0,00|0,00||
|C100|1|0|7189|55|00|001|19882|21191005656386000108550010000198821999946357|29102019|29102019|260,00|2|0,00||260,00|9|0,00|0,00|0,00|0,00|0,00|0,00|0,00|0,00|0,00|0,00|||
|C170|1|F0012|ACUM ELET F60DG PIONEIRO|1,00000|UN|260,00|0,00|0|060|5405|5405|0,00|0,00|0,00|0,00|0,00|0,00|0|53||0,00|0,00|0,00|04|0,00|0,00|||0,00|04|0,00|0,00|||0,00||0,00|
|C190|060|5405|0,00|260,00|0,00|0,00|0,00|0,00|0,00|0,00||
|C100|1|0|6133|55|00|001|19883|21191005656386000108550010000198831999946346|29102019|29102019|400,00|2|0,00||400,00|9|0,00|0,00|0,00|0,00|0,00|0,00|0,00|0,00|0,00|0,00|||
|C170|1|F1097|ACUM ELET F100DS PIONEIRO|1,00000|UN|400,00|0,00|0|060|5405|5405|0,00|0,00|0,00|0,00|0,00|0,00|0|53||0,00|0,00|0,00|04|0,00|0,00|||0,00|04|0,00|0,00|||0,00||0,00|
|C190|060|5405|0,00|400,00|0,00|0,00|0,00|0,00|0,00|0,00||
|C100|1|0|7190|55|00|001|19884|21191005656386000108550010000198841999946335|29102019|29102019|300,00|2|0,00||300,00|9|0,00|0,00|0,00|0,00|0,00|0,00|0,00|0,00|0,00|0,00|||
|C170|1|F0194|ACUM ELET F60DX PIONEIRO|1,00000|UN|300,00|0,00|0|060|5405|5405|0,00|0,00|0,00|0,00|0,00|0,00|0|53||0,00|0,00|0,00|04|0,00|0,00|||0,00|04|0,00|0,00|||0,00||0,00|
|C190|060|5405|0,00|300,00|0,00|0,00|0,00|0,00|0,00|0,00||
|C100|1|0|6874|55|00|001|19886|21191005656386000108550010000198861999946313|29102019|29102019|715,00|2|0,00||715,00|9|0,00|0,00|0,00|0,00|0,00|0,00|0,00|0,00|0,00|0,00|||
|C170|1|B0273|ACUM ELET B110E PIONEIRO|1,00000|UN|371,00|0,00|0|060|5405|5405|0,00|0,00|0,00|0,00|0,00|0,00|0|53||0,00|0,00|0,00|04|0,00|0,00|||0,00|04|0,00|0,00|||0,00||0,00|
|C170|2|F0829|ACUM ELET F60DN PIONEIRO|1,00000|UN|157,00|0,00|0|060|5405|5405|0,00|0,00|0,00|0,00|0,00|0,00|0|53||0,00|0,00|0,00|04|0,00|0,00|||0,00|04|0,00|0,00|||0,00||0,00|
|C170|3|F0437|ACUM ELET F48GD PIONEIRO|1,00000|UN|187,00|0,00|0|060|5405|5405|0,00|0,00|0,00|0,00|0,00|0,00|0|53||0,00|0,00|0,00|04|0,00|0,00|||0,00|04|0,00|0,00|||0,00||0,00|
|C190|060|5405|0,00|715,00|0,00|0,00|0,00|0,00|0,00|0,00||
|C100|1|0|6434|55|00|001|19885|21191005656386000108550010000198851999946324|29102019|29102019|1648,00|2|0,00||1648,00|9|0,00|0,00|0,00|0,00|0,00|0,00|0,00|0,00|0,00|0,00|||
|C170|1|F0829|ACUM ELET F60DN PIONEIRO|4,00000|UN|856,00|0,00|0|060|5405|5405|0,00|0,00|0,00|0,00|0,00|0,00|0|53||0,00|0,00|0,00|04|0,00|0,00|||0,00|04|0,00|0,00|||0,00||0,00|
|C170|2|F1088|ACUM. ELET. F45DN ONBAT|4,00000|UN|792,00|0,00|0|060|5405|5405|0,00|0,00|0,00|0,00|0,00|0,00|0|53||0,00|0,00|0,00|04|0,00|0,00|||0,00|04|0,00|0,00|||0,00||0,00|
|C190|060|5405|0,00|1648,00|0,00|0,00|0,00|0,00|0,00|0,00||
|C100|1|0|7191|55|00|001|19887|21191005656386000108550010000198871999946302|29102019|29102019|260,00|2|0,00||260,00|9|0,00|0,00|0,00|0,00|0,00|0,00|0,00|0,00|0,00|0,00|||
|C170|1|F0012|ACUM ELET F60DG PIONEIRO|1,00000|UN|260,00|0,00|0|060|5405|5405|0,00|0,00|0,00|0,00|0,00|0,00|0|53||0,00|0,00|0,00|04|0,00|0,00|||0,00|04|0,00|0,00|||0,00||0,00|
|C190|060|5405|0,00|260,00|0,00|0,00|0,00|0,00|0,00|0,00||
|C100|1|0|7192|55|00|001|19888|21191005656386000108550010000198881999946296|29102019|29102019|1584,00|2|0,00||1584,00|9|0,00|0,00|0,00|0,00|0,00|0,00|0,00|0,00|0,00|0,00|||
|C170|1|8001|ACUM ELET MBR 5BS|18,00000|UN|1584,00|0,00|1|060|5104|5104|0,00|0,00|0,00|0,00|0,00|0,00|0|53||0,00|0,00|0,00|04|0,00|0,00|||0,00|04|0,00|0,00|||0,00||0,00|
|C190|060|5104|0,00|1584,00|0,00|0,00|0,00|0,00|0,00|0,00||
|C100|1|0|7192|55|00|001|19889|21191005656386000108550010000198891999946285|29102019|29102019|88,00|2|0,00||88,00|9|0,00|0,00|0,00|0,00|0,00|0,00|0,00|0,00|0,00|0,00|||
|C170|1|8001|ACUM ELET MBR 5BS|1,00000|UN|88,00|0,00|0|060|5910|5910|0,00|0,00|0,00|0,00|0,00|0,00|0|53||0,00|0,00|0,00|04|0,00|0,00|||0,00|04|0,00|0,00|||0,00||0,00|
|C190|060|5910|0,00|88,00|0,00|0,00|0,00|0,00|0,00|0,00||
|C100|1|0||55|04|001|19890|21191005656386000108550010000198901999946278|||||||||||||||||||||
|C100|1|0||55|04|001|19891|21191005656386000108550010000198911999946267|||||||||||||||||||||
|C100|1|0|6818|55|00|001|19892|21191005656386000108550010000198921999946256|29102019|29102019|1374,00|2|0,00||1374,00|9|0,00|0,00|0,00|0,00|0,00|0,00|0,00|0,00|0,00|0,00|||
|C170|1|8008|ACUM ELET MBR 6BS|12,00000|UN|1080,00|0,00|1|060|5104|5104|0,00|0,00|0,00|0,00|0,00|0,00|0|53||0,00|0,00|0,00|04|0,00|0,00|||0,00|04|0,00|0,00|||0,00||0,00|
|C170|2|8003|ACUM ELET MBR 7BS|3,00000|UN|294,00|0,00|1|060|5104|5104|0,00|0,00|0,00|0,00|0,00|0,00|0|53||0,00|0,00|0,00|04|0,00|0,00|||0,00|04|0,00|0,00|||0,00||0,00|
|C190|060|5104|0,00|1374,00|0,00|0,00|0,00|0,00|0,00|0,00||
|C100|1|0|6819|55|00|001|19893|21191005656386000108550010000198931999946245|29102019|29102019|1092,00|2|0,00||1092,00|9|0,00|0,00|0,00|0,00|0,00|0,00|0,00|0,00|0,00|0,00|||
|C170|1|8008|ACUM ELET MBR 6BS|12,00000|UN|1092,00|0,00|1|060|5104|5104|0,00|0,00|0,00|0,00|0,00|0,00|0|53||0,00|0,00|0,00|04|0,00|0,00|||0,00|04|0,00|0,00|||0,00||0,00|
|C190|060|5104|0,00|1092,00|0,00|0,00|0,00|0,00|0,00|0,00||
|C100|1|0|6271|55|00|001|19894|21191005656386000108550010000198941999946234|29102019|29102019|165,00|2|0,00||165,00|9|0,00|0,00|0,00|0,00|0,00|0,00|0,00|0,00|0,00|0,00|||
|C170|1|F0829|ACUM ELET F60DN PIONEIRO|1,00000|UN|165,00|0,00|0|060|5405|5405|0,00|0,00|0,00|0,00|0,00|0,00|0|53||0,00|0,00|0,00|04|0,00|0,00|||0,00|04|0,00|0,00|||0,00||0,00|
|C190|060|5405|0,00|165,00|0,00|0,00|0,00|0,00|0,00|0,00||
|C100|1|0|6558|55|00|001|19895|21191005656386000108550010000198951999946223|29102019|29102019|601,00|2|0,00||601,00|9|0,00|0,00|0,00|0,00|0,00|0,00|0,00|0,00|0,00|0,00|||
|C170|1|8008|ACUM ELET MBR 6BS|2,00000|UN|196,00|0,00|1|060|5104|5104|0,00|0,00|0,00|0,00|0,00|0,00|0|53||0,00|0,00|0,00|04|0,00|0,00|||0,00|04|0,00|0,00|||0,00||0,00|
|C170|2|8001|ACUM ELET MBR 5BS|5,00000|UN|405,00|0,00|1|060|5104|5104|0,00|0,00|0,00|0,00|0,00|0,00|0|53||0,00|0,00|0,00|04|0,00|0,00|||0,00|04|0,00|0,00|||0,00||0,00|
|C190|060|5104|0,00|601,00|0,00|0,00|0,00|0,00|0,00|0,00||
|C100|1|0|4485|55|00|001|19896|21191005656386000108550010000198961999946212|29102019|29102019|726,00|2|0,00||726,00|9|0,00|0,00|0,00|0,00|0,00|0,00|0,00|0,00|0,00|0,00|||
|C170|1|F0012|ACUM ELET F60DG PIONEIRO|3,00000|UN|726,00|0,00|1|060|5104|5104|0,00|0,00|0,00|0,00|0,00|0,00|0|53||0,00|0,00|0,00|04|0,00|0,00|||0,00|04|0,00|0,00|||0,00||0,00|
|C190|060|5104|0,00|726,00|0,00|0,00|0,00|0,00|0,00|0,00||
|C100|1|0|4485|55|00|001|19897|21191005656386000108550010000198971999946201|29102019|29102019|1989,00|2|0,00||1989,00|9|0,00|0,00|0,00|0,00|0,00|0,00|0,00|0,00|0,00|0,00|||
|C170|1|F0012|ACUM ELET F60DG PIONEIRO|2,00000|UN|484,00|0,00|0|060|5405|5405|0,00|0,00|0,00|0,00|0,00|0,00|0|53||0,00|0,00|0,00|04|0,00|0,00|||0,00|04|0,00|0,00|||0,00||0,00|
|C170|2|F0012|ACUM ELET F60DG PIONEIRO|5,00000|UN|1505,00|0,00|0|060|5405|5405|0,00|0,00|0,00|0,00|0,00|0,00|0|53||0,00|0,00|0,00|04|0,00|0,00|||0,00|04|0,00|0,00|||0,00||0,00|
|C190|060|5405|0,00|1989,00|0,00|0,00|0,00|0,00|0,00|0,00||
|C100|1|0|4485|55|00|001|19898|21191005656386000108550010000198981999946195|29102019|29102019|242,00|2|0,00||242,00|9|0,00|0,00|0,00|0,00|0,00|0,00|0,00|0,00|0,00|0,00|||
|C170|1|F0012|ACUM ELET F60DG PIONEIRO|1,00000|UN|242,00|0,00|0|060|5910|5910|0,00|0,00|0,00|0,00|0,00|0,00|0|53||0,00|0,00|0,00|04|0,00|0,00|||0,00|04|0,00|0,00|||0,00||0,00|
|C190|060|5910|0,00|242,00|0,00|0,00|0,00|0,00|0,00|0,00||
|C100|1|0|6707|55|00|001|19900|21191005656386000108550010000199001999946179|30102019|30102019|1878,00|2|0,00||1878,00|9|0,00|0,00|0,00|0,00|0,00|0,00|0,00|0,00|0,00|0,00|||
|C170|1|F0829|ACUM ELET F60DN PIONEIRO|4,00000|UN|900,00|0,00|0|060|5405|5405|0,00|0,00|0,00|0,00|0,00|0,00|0|53||0,00|0,00|0,00|04|0,00|0,00|||0,00|04|0,00|0,00|||0,00||0,00|
|C170|2|B0273|ACUM ELET B110E PIONEIRO|2,00000|UN|978,00|0,00|0|060|5405|5405|0,00|0,00|0,00|0,00|0,00|0,00|0|53||0,00|0,00|0,00|04|0,00|0,00|||0,00|04|0,00|0,00|||0,00||0,00|
|C190|060|5405|0,00|1878,00|0,00|0,00|0,00|0,00|0,00|0,00||
|C100|1|0|6302|55|00|001|19901|21191005656386000108550010000199011999946168|30102019|30102019|260,00|2|0,00||260,00|9|0,00|0,00|0,00|0,00|0,00|0,00|0,00|0,00|0,00|0,00|||
|C170|1|F0012|ACUM ELET F60DG PIONEIRO|1,00000|UN|260,00|0,00|0|060|5405|5405|0,00|0,00|0,00|0,00|0,00|0,00|0|53||0,00|0,00|0,00|04|0,00|0,00|||0,00|04|0,00|0,00|||0,00||0,00|
|C190|060|5405|0,00|260,00|0,00|0,00|0,00|0,00|0,00|0,00||
|C100|1|0|5163|55|00|001|19902|21191005656386000108550010000199021999946157|30102019|30102019|1182,00|2|0,00||1182,00|9|0,00|0,00|0,00|0,00|0,00|0,00|0,00|0,00|0,00|0,00|||
|C170|1|8008|ACUM ELET MBR 6BS|6,00000|UN|540,00|0,00|1|060|5104|5104|0,00|0,00|0,00|0,00|0,00|0,00|0|53||0,00|0,00|0,00|04|0,00|0,00|||0,00|04|0,00|0,00|||0,00||0,00|
|C170|2|8003|ACUM ELET MBR 7BS|6,00000|UN|642,00|0,00|1|060|5104|5104|0,00|0,00|0,00|0,00|0,00|0,00|0|53||0,00|0,00|0,00|04|0,00|0,00|||0,00|04|0,00|0,00|||0,00||0,00|
|C190|060|5104|0,00|1182,00|0,00|0,00|0,00|0,00|0,00|0,00||
|C100|1|0|6248|55|00|001|19903|21191005656386000108550010000199031999946146|30102019|30102019|616,00|2|0,00||616,00|9|0,00|0,00|0,00|0,00|0,00|0,00|0,00|0,00|0,00|0,00|||
|C170|1|8001|ACUM ELET MBR 5BS|8,00000|UN|616,00|0,00|0|060|5405|5405|0,00|0,00|0,00|0,00|0,00|0,00|0|53||0,00|0,00|0,00|04|0,00|0,00|||0,00|04|0,00|0,00|||0,00||0,00|
|C190|060|5405|0,00|616,00|0,00|0,00|0,00|0,00|0,00|0,00||
|C100|1|0|6560|55|00|001|19904|21191005656386000108550010000199041999946135|30102019|30102019|795,00|2|0,00||795,00|9|0,00|0,00|0,00|0,00|0,00|0,00|0,00|0,00|0,00|0,00|||
|C170|1|F1105|ACUM ELET F90CD PIONEIRO|1,00000|UN|364,00|0,00|0|060|5405|5405|0,00|0,00|0,00|0,00|0,00|0,00|0|53||0,00|0,00|0,00|04|0,00|0,00|||0,00|04|0,00|0,00|||0,00||0,00|
|C170|2|F0012|ACUM ELET F60DG PIONEIRO|1,00000|UN|235,00|0,00|0|060|5405|5405|0,00|0,00|0,00|0,00|0,00|0,00|0|53||0,00|0,00|0,00|04|0,00|0,00|||0,00|04|0,00|0,00|||0,00||0,00|
|C170|3|F0437|ACUM ELET F48GD PIONEIRO|1,00000|UN|196,00|0,00|0|060|5405|5405|0,00|0,00|0,00|0,00|0,00|0,00|0|53||0,00|0,00|0,00|04|0,00|0,00|||0,00|04|0,00|0,00|||0,00||0,00|
|C190|060|5405|0,00|795,00|0,00|0,00|0,00|0,00|0,00|0,00||
|C100|1|0|5026|55|00|001|19905|21191005656386000108550010000199051999946124|30102019|30102019|1494,00|2|0,00||1494,00|9|0,00|0,00|0,00|0,00|0,00|0,00|0,00|0,00|0,00|0,00|||
|C170|1|8008|ACUM ELET MBR 6BS|18,00000|UN|1494,00|0,00|0|060|5405|5405|0,00|0,00|0,00|0,00|0,00|0,00|0|53||0,00|0,00|0,00|04|0,00|0,00|||0,00|04|0,00|0,00|||0,00||0,00|
|C190|060|5405|0,00|1494,00|0,00|0,00|0,00|0,00|0,00|0,00||
|C100|1|0|5026|55|00|001|19906|21191005656386000108550010000199061999946113|30102019|30102019|83,00|2|0,00||83,00|9|0,00|0,00|0,00|0,00|0,00|0,00|0,00|0,00|0,00|0,00|||
|C170|1|8008|ACUM ELET MBR 6BS|1,00000|UN|83,00|0,00|0|060|5910|5910|0,00|0,00|0,00|0,00|0,00|0,00|0|53||0,00|0,00|0,00|04|0,00|0,00|||0,00|04|0,00|0,00|||0,00||0,00|
|C190|060|5910|0,00|83,00|0,00|0,00|0,00|0,00|0,00|0,00||
|C100|1|0|5697|55|00|001|19907|21191005656386000108550010000199071999946102|30102019|30102019|760,00|2|0,00||760,00|9|0,00|0,00|0,00|0,00|0,00|0,00|0,00|0,00|0,00|0,00|||
|C170|1|B0357|ACUM ELET B100EP PIONEIRO|2,00000|UN|760,00|0,00|0|060|5405|5405|0,00|0,00|0,00|0,00|0,00|0,00|0|53||0,00|0,00|0,00|04|0,00|0,00|||0,00|04|0,00|0,00|||0,00||0,00|
|C190|060|5405|0,00|760,00|0,00|0,00|0,00|0,00|0,00|0,00||
|C100|1|0|6684|55|00|001|19908|21191005656386000108550010000199081999946096|30102019|30102019|1052,00|2|0,00||1052,00|9|0,00|0,00|0,00|0,00|0,00|0,00|0,00|0,00|0,00|0,00|||
|C170|1|F1101|ACUM ELET F75PD PIONEIRO|1,00000|UN|308,00|0,00|0|060|5405|5405|0,00|0,00|0,00|0,00|0,00|0,00|0|53||0,00|0,00|0,00|04|0,00|0,00|||0,00|04|0,00|0,00|||0,00||0,00|
|C170|2|F1101|ACUM ELET F75PD PIONEIRO|1,00000|UN|380,00|0,00|0|060|5405|5405|0,00|0,00|0,00|0,00|0,00|0,00|0|53||0,00|0,00|0,00|04|0,00|0,00|||0,00|04|0,00|0,00|||0,00||0,00|
|C170|3|F1105|ACUM ELET F90CD PIONEIRO|1,00000|UN|364,00|0,00|0|060|5405|5405|0,00|0,00|0,00|0,00|0,00|0,00|0|53||0,00|0,00|0,00|04|0,00|0,00|||0,00|04|0,00|0,00|||0,00||0,00|
|C190|060|5405|0,00|1052,00|0,00|0,00|0,00|0,00|0,00|0,00||
|C100|1|0|6381|55|00|001|19909|21191005656386000108550010000199091999946085|30102019|30102019|486,00|2|0,00||486,00|9|0,00|0,00|0,00|0,00|0,00|0,00|0,00|0,00|0,00|0,00|||
|C170|1|8001|ACUM ELET MBR 5BS|6,00000|UN|486,00|0,00|1|060|5104|5104|0,00|0,00|0,00|0,00|0,00|0,00|0|53||0,00|0,00|0,00|04|0,00|0,00|||0,00|04|0,00|0,00|||0,00||0,00|
|C190|060|5104|0,00|486,00|0,00|0,00|0,00|0,00|0,00|0,00||
|C100|1|0|5701|55|00|001|19910|21191005656386000108550010000199101999946078|30102019|30102019|250,00|2|0,00||250,00|9|0,00|0,00|0,00|0,00|0,00|0,00|0,00|0,00|0,00|0,00|||
|C170|1|F0012|ACUM ELET F60DG PIONEIRO|1,00000|UN|250,00|0,00|0|060|5405|5405|0,00|0,00|0,00|0,00|0,00|0,00|0|53||0,00|0,00|0,00|04|0,00|0,00|||0,00|04|0,00|0,00|||0,00||0,00|
|C190|060|5405|0,00|250,00|0,00|0,00|0,00|0,00|0,00|0,00||
|C100|1|0|7102|55|00|001|19911|21191005656386000108550010000199111999946067|30102019|30102019|580,00|2|0,00||580,00|9|0,00|0,00|0,00|0,00|0,00|0,00|0,00|0,00|0,00|0,00|||
|C170|1|B0006|ACUM ELET B150DG PIONEIRO|1,00000|UN|580,00|0,00|0|060|5405|5405|0,00|0,00|0,00|0,00|0,00|0,00|0|53||0,00|0,00|0,00|04|0,00|0,00|||0,00|04|0,00|0,00|||0,00||0,00|
|C190|060|5405|0,00|580,00|0,00|0,00|0,00|0,00|0,00|0,00||
|C100|1|0|7193|55|00|001|19912|21191005656386000108550010000199121999946056|30102019|30102019|260,00|2|0,00||260,00|9|0,00|0,00|0,00|0,00|0,00|0,00|0,00|0,00|0,00|0,00|||
|C170|1|F0012|ACUM ELET F60DG PIONEIRO|1,00000|UN|260,00|0,00|0|060|5405|5405|0,00|0,00|0,00|0,00|0,00|0,00|0|53||0,00|0,00|0,00|04|0,00|0,00|||0,00|04|0,00|0,00|||0,00||0,00|
|C190|060|5405|0,00|260,00|0,00|0,00|0,00|0,00|0,00|0,00||
|C100|1|0|6952|55|00|001|19913|21191005656386000108550010000199131999946045|30102019|30102019|1400,00|2|0,00||1400,00|9|0,00|0,00|0,00|0,00|0,00|0,00|0,00|0,00|0,00|0,00|||
|C170|1|8001|ACUM ELET MBR 5BS|18,00000|UN|1400,00|0,00|0|060|5405|5405|0,00|0,00|0,00|0,00|0,00|0,00|0|53||0,00|0,00|0,00|04|0,00|0,00|||0,00|04|0,00|0,00|||0,00||0,00|
|C190|060|5405|0,00|1400,00|0,00|0,00|0,00|0,00|0,00|0,00||
|C100|1|0|6952|55|00|001|19914|21191005656386000108550010000199141999946034|30102019|30102019|77,77|2|0,00||77,77|9|0,00|0,00|0,00|0,00|0,00|0,00|0,00|0,00|0,00|0,00|||
|C170|1|8001|ACUM ELET MBR 5BS|1,00000|UN|77,77|0,00|0|060|5910|5910|0,00|0,00|0,00|0,00|0,00|0,00|0|53||0,00|0,00|0,00|04|0,00|0,00|||0,00|04|0,00|0,00|||0,00||0,00|
|C190|060|5910|0,00|77,77|0,00|0,00|0,00|0,00|0,00|0,00||
|C100|1|0|6923|55|00|001|19915|21191005656386000108550010000199151999946023|30102019|30102019|324,00|2|0,00||324,00|9|0,00|0,00|0,00|0,00|0,00|0,00|0,00|0,00|0,00|0,00|||
|C170|1|8001|ACUM ELET MBR 5BS|4,00000|UN|324,00|0,00|1|060|5104|5104|0,00|0,00|0,00|0,00|0,00|0,00|0|53||0,00|0,00|0,00|04|0,00|0,00|||0,00|04|0,00|0,00|||0,00||0,00|
|C190|060|5104|0,00|324,00|0,00|0,00|0,00|0,00|0,00|0,00||
|C100|1|0|7194|55|00|001|19916|21191005656386000108550010000199161999946012|30102019|30102019|622,08|2|0,00||622,08|9|0,00|0,00|0,00|0,00|0,00|0,00|0,00|0,00|0,00|0,00|||
|C170|1|8001|ACUM ELET MBR 5BS|8,00000|UN|622,08|0,00|1|060|5104|5104|0,00|0,00|0,00|0,00|0,00|0,00|0|53||0,00|0,00|0,00|04|0,00|0,00|||0,00|04|0,00|0,00|||0,00||0,00|
|C190|060|5104|0,00|622,08|0,00|0,00|0,00|0,00|0,00|0,00||
|C100|1|0|4146|55|00|001|19917|21191005656386000108550010000199171999946001|31102019|31102019|380,00|2|0,00||380,00|9|0,00|0,00|0,00|0,00|0,00|0,00|0,00|0,00|0,00|0,00|||
|C170|1|B0357|ACUM ELET B100EP PIONEIRO|1,00000|UN|380,00|0,00|0|060|5405|5405|0,00|0,00|0,00|0,00|0,00|0,00|0|53||0,00|0,00|0,00|04|0,00|0,00|||0,00|04|0,00|0,00|||0,00||0,00|
|C190|060|5405|0,00|380,00|0,00|0,00|0,00|0,00|0,00|0,00||
|C100|1|0|6034|55|00|001|19918|21191005656386000108550010000199181999945991|31102019|31102019|1235,00|2|0,00||1235,00|9|0,00|0,00|0,00|0,00|0,00|0,00|0,00|0,00|0,00|0,00|||
|C170|1|F0194|ACUM ELET F60DX PIONEIRO|2,00000|UN|490,00|0,00|0|060|5405|5405|0,00|0,00|0,00|0,00|0,00|0,00|0|53||0,00|0,00|0,00|04|0,00|0,00|||0,00|04|0,00|0,00|||0,00||0,00|
|C170|2|F0012|ACUM ELET F60DG PIONEIRO|1,00000|UN|235,00|0,00|0|060|5405|5405|0,00|0,00|0,00|0,00|0,00|0,00|0|53||0,00|0,00|0,00|04|0,00|0,00|||0,00|04|0,00|0,00|||0,00||0,00|
|C170|3|F0829|ACUM ELET F60DN PIONEIRO|2,00000|UN|330,00|0,00|0|060|5405|5405|0,00|0,00|0,00|0,00|0,00|0,00|0|53||0,00|0,00|0,00|04|0,00|0,00|||0,00|04|0,00|0,00|||0,00||0,00|
|C170|4|F0008|ACUM ELET F50D PIONEIRO|1,00000|UN|180,00|0,00|0|060|5405|5405|0,00|0,00|0,00|0,00|0,00|0,00|0|53||0,00|0,00|0,00|04|0,00|0,00|||0,00|04|0,00|0,00|||0,00||0,00|
|C190|060|5405|0,00|1235,00|0,00|0,00|0,00|0,00|0,00|0,00||
|C100|1|0|5678|55|00|001|19919|21191005656386000108550010000199191999945980|31102019|31102019|450,00|2|0,00||450,00|9|0,00|0,00|0,00|0,00|0,00|0,00|0,00|0,00|0,00|0,00|||
|C170|1|F1105|ACUM ELET F90CD PIONEIRO|1,00000|UN|450,00|0,00|0|060|5405|5405|0,00|0,00|0,00|0,00|0,00|0,00|0|53||0,00|0,00|0,00|04|0,00|0,00|||0,00|04|0,00|0,00|||0,00||0,00|
|C190|060|5405|0,00|450,00|0,00|0,00|0,00|0,00|0,00|0,00||
|C100|1|0|2347|55|00|001|19920|21191005656386000108550010000199201999945973|31102019|31102019|1808,00|2|0,00||1808,00|9|0,00|0,00|0,00|0,00|0,00|0,00|0,00|0,00|0,00|0,00|||
|C170|1|B0357|ACUM ELET B100EP PIONEIRO|2,00000|UN|758,00|0,00|0|060|5405|5405|0,00|0,00|0,00|0,00|0,00|0,00|0|53||0,00|0,00|0,00|04|0,00|0,00|||0,00|04|0,00|0,00|||0,00||0,00|
|C170|2|B0006|ACUM ELET B150DG PIONEIRO|2,00000|UN|1050,00|0,00|0|060|5405|5405|0,00|0,00|0,00|0,00|0,00|0,00|0|53||0,00|0,00|0,00|04|0,00|0,00|||0,00|04|0,00|0,00|||0,00||0,00|
|C190|060|5405|0,00|1808,00|0,00|0,00|0,00|0,00|0,00|0,00||
|C100|1|0|7195|55|00|001|19921|21191005656386000108550010000199211999945962|31102019|31102019|2352,00|2|0,00||2352,00|9|0,00|0,00|0,00|0,00|0,00|0,00|0,00|0,00|0,00|0,00|||
|C170|1|8008|ACUM ELET MBR 6BS|24,00000|UN|2352,00|0,00|1|060|5104|5104|0,00|0,00|0,00|0,00|0,00|0,00|0|53||0,00|0,00|0,00|04|0,00|0,00|||0,00|04|0,00|0,00|||0,00||0,00|
|C190|060|5104|0,00|2352,00|0,00|0,00|0,00|0,00|0,00|0,00||
|C100|1|0|7195|55|00|001|19922|21191005656386000108550010000199221999945951|31102019|31102019|98,00|2|0,00||98,00|9|0,00|0,00|0,00|0,00|0,00|0,00|0,00|0,00|0,00|0,00|||
|C170|1|8008|ACUM ELET MBR 6BS|1,00000|UN|98,00|0,00|0|060|5910|5910|0,00|0,00|0,00|0,00|0,00|0,00|0|53||0,00|0,00|0,00|04|0,00|0,00|||0,00|04|0,00|0,00|||0,00||0,00|
|C190|060|5910|0,00|98,00|0,00|0,00|0,00|0,00|0,00|0,00||
|C100|1|0|6575|55|00|001|19923|21191005656386000108550010000199231999945940|31102019|31102019|278,00|2|0,00||278,00|9|0,00|0,00|0,00|0,00|0,00|0,00|0,00|0,00|0,00|0,00|||
|C170|1|8008|ACUM ELET MBR 6BS|2,00000|UN|180,00|0,00|0|060|5405|5405|0,00|0,00|0,00|0,00|0,00|0,00|0|53||0,00|0,00|0,00|04|0,00|0,00|||0,00|04|0,00|0,00|||0,00||0,00|
|C170|2|8003|ACUM ELET MBR 7BS|1,00000|UN|98,00|0,00|0|060|5405|5405|0,00|0,00|0,00|0,00|0,00|0,00|0|53||0,00|0,00|0,00|04|0,00|0,00|||0,00|04|0,00|0,00|||0,00||0,00|
|C190|060|5405|0,00|278,00|0,00|0,00|0,00|0,00|0,00|0,00||
|C100|1|0||55|02|001|19924|21191005656386000108550010000199241999945930|||||||||||||||||||||
|C100|1|0|6996|55|00|001|19925|21191005656386000108550010000199251999945929|31102019|31102019|1500,60|2|0,00||1500,60|9|0,00|0,00|0,00|0,00|0,00|0,00|0,00|0,00|0,00|0,00|||
|C170|1|8008|ACUM ELET MBR 6BS|12,00000|UN|942,00|0,00|1|060|5104|5104|0,00|0,00|0,00|0,00|0,00|0,00|0|53||0,00|0,00|0,00|04|0,00|0,00|||0,00|04|0,00|0,00|||0,00||0,00|
|C170|2|8003|ACUM ELET MBR 7BS|6,00000|UN|558,60|0,00|1|060|5104|5104|0,00|0,00|0,00|0,00|0,00|0,00|0|53||0,00|0,00|0,00|04|0,00|0,00|||0,00|04|0,00|0,00|||0,00||0,00|
|C190|060|5104|0,00|1500,60|0,00|0,00|0,00|0,00|0,00|0,00||
|C100|1|0|6313|55|00|001|19926|21191005656386000108550010000199261999945918|31102019|31102019|1105,00|2|0,00||1105,00|9|0,00|0,00|0,00|0,00|0,00|0,00|0,00|0,00|0,00|0,00|||
|C170|1|F0012|ACUM ELET F60DG PIONEIRO|5,00000|UN|1105,00|0,00|1|060|5104|5104|0,00|0,00|0,00|0,00|0,00|0,00|0|53||0,00|0,00|0,00|04|0,00|0,00|||0,00|04|0,00|0,00|||0,00||0,00|
|C190|060|5104|0,00|1105,00|0,00|0,00|0,00|0,00|0,00|0,00||
|C100|1|0|7196|55|00|001|19927|21191005656386000108550010000199271999945907|31102019|31102019|2021,00|2|0,00||2021,00|9|0,00|0,00|0,00|0,00|0,00|0,00|0,00|0,00|0,00|0,00|||
|C170|1|F0829|ACUM ELET F60DN PIONEIRO|3,00000|UN|495,00|0,00|0|060|5405|5405|0,00|0,00|0,00|0,00|0,00|0,00|0|53||0,00|0,00|0,00|04|0,00|0,00|||0,00|04|0,00|0,00|||0,00||0,00|
|C170|2|F0829|ACUM ELET F60DN PIONEIRO|7,00000|UN|1526,00|0,00|0|060|5405|5405|0,00|0,00|0,00|0,00|0,00|0,00|0|53||0,00|0,00|0,00|04|0,00|0,00|||0,00|04|0,00|0,00|||0,00||0,00|
|C190|060|5405|0,00|2021,00|0,00|0,00|0,00|0,00|0,00|0,00||
|C100|1|0|5879|55|00|001|19928|21191005656386000108550010000199281999945890|31102019|31102019|120,00|2|0,00||120,00|9|0,00|0,00|0,00|0,00|0,00|0,00|0,00|0,00|0,00|0,00|||
|C170|1|8008|ACUM ELET MBR 6BS|1,00000|UN|120,00|0,00|0|060|5405|5405|0,00|0,00|0,00|0,00|0,00|0,00|0|53||0,00|0,00|0,00|04|0,00|0,00|||0,00|04|0,00|0,00|||0,00||0,00|
|C190|060|5405|0,00|120,00|0,00|0,00|0,00|0,00|0,00|0,00||
|C100|1|0|7142|55|00|001|19929|21191005656386000108550010000199291999945880|31102019|31102019|486,00|2|0,00||486,00|9|0,00|0,00|0,00|0,00|0,00|0,00|0,00|0,00|0,00|0,00|||
|C170|1|8001|ACUM ELET MBR 5BS|6,00000|UN|486,00|0,00|0|060|5405|5405|0,00|0,00|0,00|0,00|0,00|0,00|0|53||0,00|0,00|0,00|04|0,00|0,00|||0,00|04|0,00|0,00|||0,00||0,00|
|C190|060|5405|0,00|486,00|0,00|0,00|0,00|0,00|0,00|0,00||
|C100|1|0|6791|55|00|001|19930|21191005656386000108550010000199301999945872|31102019|31102019|509,20|2|0,00||509,20|9|0,00|0,00|0,00|0,00|0,00|0,00|0,00|0,00|0,00|0,00|||
|C170|1|8003|ACUM ELET MBR 7BS|3,00000|UN|279,30|0,00|1|060|5104|5104|0,00|0,00|0,00|0,00|0,00|0,00|0|53||0,00|0,00|0,00|04|0,00|0,00|||0,00|04|0,00|0,00|||0,00||0,00|
|C170|2|F0012|ACUM ELET F60DG PIONEIRO|1,00000|UN|229,90|0,00|1|060|5104|5104|0,00|0,00|0,00|0,00|0,00|0,00|0|53||0,00|0,00|0,00|04|0,00|0,00|||0,00|04|0,00|0,00|||0,00||0,00|
|C190|060|5104|0,00|509,20|0,00|0,00|0,00|0,00|0,00|0,00||
|C100|1|0|5622|55|00|001|19931|21191005656386000108550010000199311999945861|31102019|31102019|908,00|2|0,00||908,00|9|0,00|0,00|0,00|0,00|0,00|0,00|0,00|0,00|0,00|0,00|||
|C170|1|F0008|ACUM ELET F50D PIONEIRO|3,00000|UN|540,00|0,00|0|060|5405|5405|0,00|0,00|0,00|0,00|0,00|0,00|0|53||0,00|0,00|0,00|04|0,00|0,00|||0,00|04|0,00|0,00|||0,00||0,00|
|C170|2|F0436|ACUM ELET F45D PIONEIRO|2,00000|UN|368,00|0,00|0|060|5405|5405|0,00|0,00|0,00|0,00|0,00|0,00|0|53||0,00|0,00|0,00|04|0,00|0,00|||0,00|04|0,00|0,00|||0,00||0,00|
|C190|060|5405|0,00|908,00|0,00|0,00|0,00|0,00|0,00|0,00||
|C100|1|0|6018|55|00|001|19932|21191005656386000108550010000199321999945850|31102019|31102019|622,25|2|0,00||622,25|9|0,00|0,00|0,00|0,00|0,00|0,00|0,00|0,00|0,00|0,00|||
|C170|1|8008|ACUM ELET MBR 6BS|1,00000|UN|85,50|0,00|1|060|5104|5104|0,00|0,00|0,00|0,00|0,00|0,00|0|53||0,00|0,00|0,00|04|0,00|0,00|||0,00|04|0,00|0,00|||0,00||0,00|
|C170|2|F0012|ACUM ELET F60DG PIONEIRO|2,00000|UN|459,80|0,00|1|060|5104|5104|0,00|0,00|0,00|0,00|0,00|0,00|0|53||0,00|0,00|0,00|04|0,00|0,00|||0,00|04|0,00|0,00|||0,00||0,00|
|C170|3|8001|ACUM ELET MBR 5BS|1,00000|UN|76,95|0,00|1|060|5104|5104|0,00|0,00|0,00|0,00|0,00|0,00|0|53||0,00|0,00|0,00|04|0,00|0,00|||0,00|04|0,00|0,00|||0,00||0,00|
|C190|060|5104|0,00|622,25|0,00|0,00|0,00|0,00|0,00|0,00||
|C100|1|0|7033|55|00|001|19935|21191005656386000108550010000199351999945828|31102019|31102019|1078,25|2|0,00||1078,25|9|0,00|0,00|0,00|0,00|0,00|0,00|0,00|0,00|0,00|0,00|||
|C170|1|F0188|ACUM ELET F60D PIONEIRO|5,00000|UN|1078,25|0,00|0|060|5405|5405|0,00|0,00|0,00|0,00|0,00|0,00|0|53||0,00|0,00|0,00|04|0,00|0,00|||0,00|04|0,00|0,00|||0,00||0,00|
|C190|060|5405|0,00|1078,25|0,00|0,00|0,00|0,00|0,00|0,00||
|C100|0|1|6440|55|00|1|508|21190927141245000195550010000005081261282738|24092019|08102019|137,50|1|0,00||137,50|9|0,00|0,00|0,00|0,00|0,00|0,00|0,00|0,00|0,00|0,00|||
|C110|000040|VEICULO MERCEDESBENZ  SPRINTER  515 CHASSI E. L. 2.2 DIESEL  2018 2018 PLACA PTA 4632 KM 50.469 OS 000012500|
|C170|1|54|BTC29103 BIELETA DIANT DIRESQ  COF|2,00000|UN|100,00|0,00|1|0500|1556|1556|0,00|0,00|0,00|0,00|0,00|0,00|0|49||0,00|0,00|0,00|99|0,00|0,00|||0,00|99|0,00|0,00|||0,00||0,00|
|C170|2|55|ABRACADEIRA S FIM E MASTER|1,00000|UN|1,00|0,00|1|0500|1556|1556|0,00|0,00|0,00|0,00|0,00|0,00|0|49||0,00|0,00|0,00|99|0,00|0,00|||0,00|99|0,00|0,00|||0,00||0,00|
|C170|3|56|12972C1 LAMP AUTO H7 12972 STD 12V 55W UN  PHI|1,00000|UN|36,50|0,00|1|0500|1556|1556|0,00|0,00|0,00|0,00|0,00|0,00|0|49||0,00|0,00|0,00|99|0,00|0,00|||0,00|99|0,00|0,00|||0,00||0,00|
|C190|0500|1556|0,00|137,50|0,00|0,00|0,00|0,00|0,00|0,00||
|C100|0|0|1|55|00|001|19604|21191005656386000108550010000196041999949138|08102019|08102019|34575,00|2|0,00||34575,00|9|0,00|0,00|0,00|0,00|0,00|0,00|0,00|0,00|0,00|0,00|||
|C110|000041|Retorno de remessa referente aas NFEs numero19250|
|C113|1|0|1|55|001||000019250|16092019|21190905656386000108550010000192501999952679|
|C170|1|8001|ACUM ELET MBR 5BS|94,00000|UN|7426,00|0,00|0|060|1904|1904|0,00|0,00|0,00|0,00|0,00|0,00|0|49||0,00|0,00|0,00|70|0,00|0,00|||0,00|70|0,00|0,00|||0,00||0,00|
|C170|2|8008|ACUM ELET MBR 6BS|44,00000|UN|4312,00|0,00|0|060|1904|1904|0,00|0,00|0,00|0,00|0,00|0,00|0|49||0,00|0,00|0,00|70|0,00|0,00|||0,00|70|0,00|0,00|||0,00||0,00|
|C170|3|8003|ACUM ELET MBR 7BS|33,00000|UN|3630,00|0,00|0|060|1904|1904|0,00|0,00|0,00|0,00|0,00|0,00|0|49||0,00|0,00|0,00|70|0,00|0,00|||0,00|70|0,00|0,00|||0,00||0,00|
|C170|4|F0436|ACUM ELET F45D PIONEIRO|4,00000|UN|940,00|0,00|0|060|1904|1904|0,00|0,00|0,00|0,00|0,00|0,00|0|49||0,00|0,00|0,00|70|0,00|0,00|||0,00|70|0,00|0,00|||0,00||0,00|
|C170|5|F0437|ACUM ELET F48GD PIONEIRO|4,00000|UN|992,00|0,00|0|060|1904|1904|0,00|0,00|0,00|0,00|0,00|0,00|0|49||0,00|0,00|0,00|70|0,00|0,00|||0,00|70|0,00|0,00|||0,00||0,00|
|C170|6|F0008|ACUM ELET F50D PIONEIRO|2,00000|UN|470,00|0,00|0|060|1904|1904|0,00|0,00|0,00|0,00|0,00|0,00|0|49||0,00|0,00|0,00|70|0,00|0,00|||0,00|70|0,00|0,00|||0,00||0,00|
|C170|7|F0012|ACUM ELET F60DG PIONEIRO|9,00000|UN|2655,00|0,00|0|060|1904|1904|0,00|0,00|0,00|0,00|0,00|0,00|0|49||0,00|0,00|0,00|70|0,00|0,00|||0,00|70|0,00|0,00|||0,00||0,00|
|C170|8|F0829|ACUM ELET F60DN PIONEIRO|17,00000|UN|3723,00|0,00|0|060|1904|1904|0,00|0,00|0,00|0,00|0,00|0,00|0|49||0,00|0,00|0,00|70|0,00|0,00|||0,00|70|0,00|0,00|||0,00||0,00|
|C170|9|F0018|ACUM ELET F70DG PIONEIRO|5,00000|UN|1810,00|0,00|0|060|1904|1904|0,00|0,00|0,00|0,00|0,00|0,00|0|49||0,00|0,00|0,00|70|0,00|0,00|||0,00|70|0,00|0,00|||0,00||0,00|
|C170|10|F1101|ACUM ELET F75PD PIONEIRO|6,00000|UN|2310,00|0,00|0|060|1904|1904|0,00|0,00|0,00|0,00|0,00|0,00|0|49||0,00|0,00|0,00|70|0,00|0,00|||0,00|70|0,00|0,00|||0,00||0,00|
|C170|11|F1105|ACUM ELET F90CD PIONEIRO|2,00000|UN|914,00|0,00|0|060|1904|1904|0,00|0,00|0,00|0,00|0,00|0,00|0|49||0,00|0,00|0,00|70|0,00|0,00|||0,00|70|0,00|0,00|||0,00||0,00|
|C170|12|B0273|ACUM ELET B110E PIONEIRO|2,00000|UN|964,00|0,00|0|060|1904|1904|0,00|0,00|0,00|0,00|0,00|0,00|0|49||0,00|0,00|0,00|70|0,00|0,00|||0,00|70|0,00|0,00|||0,00||0,00|
|C170|13|B0006|ACUM ELET B150DG PIONEIRO|4,00000|UN|2752,00|0,00|0|060|1904|1904|0,00|0,00|0,00|0,00|0,00|0,00|0|49||0,00|0,00|0,00|70|0,00|0,00|||0,00|70|0,00|0,00|||0,00||0,00|
|C170|14|F1088|ACUM. ELET. F45DN ONBAT|3,00000|UN|639,00|0,00|0|060|1904|1904|0,00|0,00|0,00|0,00|0,00|0,00|0|49||0,00|0,00|0,00|70|0,00|0,00|||0,00|70|0,00|0,00|||0,00||0,00|
|C170|15|8060|ACUM ELET ALF2 PIONEIRO TECH|6,00000|UN|294,00|0,00|0|060|1904|1904|0,00|0,00|0,00|0,00|0,00|0,00|0|49||0,00|0,00|0,00|01|0,00|0,00|||0,00|70|0,00|0,00|||0,00||0,00|
|C170|16|8061|ACUM ELET 7F2 PIONEIRO TECH|6,00000|UN|330,00|0,00|0|060|1904|1904|0,00|0,00|0,00|0,00|0,00|0,00|0|49||0,00|0,00|0,00|01|0,00|0,00|||0,00|70|0,00|0,00|||0,00||0,00|
|C170|17|8062|ACUM ELET 9F2 PIONEIRO TECH|6,00000|UN|414,00|0,00|0|060|1904|1904|0,00|0,00|0,00|0,00|0,00|0,00|0|49||0,00|0,00|0,00|01|0,00|0,00|||0,00|70|0,00|0,00|||0,00||0,00|
|C190|060|1904|0,00|34575,00|0,00|0,00|0,00|0,00|0,00|0,00||
|C100|0|1|6060|55|00|1|469|21191024662377000255550010000004691641917433|14102019|15102019|2436,32|0|0,00||2436,32|9|0,00|0,00|0,00|0,00|0,00|0,00|0,00|0,00|0,00|0,00|||
|C110|000043|DECLARAMOS QUE OS PRODUTOS PERIGOSOS ESTAO ADEQUADAMENTE CLASSIFICADOS, EMBALADOS, IDENTIFICADOS, E ESTIVADOS PARA SUPORTAR OS RISCOS DAS OPERACOES DE TRANSPORTE E QUE ATENDEM AS EXIGENCIAS DA REGULAMENTACAO PEDIDO N MM01343 CLIENTE  11393 ANEXO 4.41 DO R|
|C170|1|8001|ACUM ELET MBR 5BS|18,00000|UND|755,41|0,00|0|560|5910|5910|0,00|0,00|0,00|0,00|0,00|0,00|0|00||0,00|0,00|0,00|70|0,00|0,00|||0,00|70|0,00|0,00|||0,00||0,00|
|C170|2|8008|ACUM ELET MBR 6BS|36,00000|UND|1680,91|0,00|0|560|5910|5910|0,00|0,00|0,00|0,00|0,00|0,00|0|00||0,00|0,00|0,00|70|0,00|0,00|||0,00|70|0,00|0,00|||0,00||0,00|
|C190|560|5910|0,00|2436,32|0,00|0,00|0,00|0,00|0,00|0,00||
|C100|0|1|6060|55|00|1|470|21191024662377000255550010000004701273522527|14102019|15102019|64144,94|0|0,00||64144,94|9|0,00|0,00|0,00|0,00|0,00|0,00|0,00|0,00|0,00|0,00|||
|C110|000044|DECLARAMOS QUE OS PRODUTOS PERIGOSOS ESTAO ADEQUADAMENTE CLASSIFICADOS, EMBALADOS, IDENTIFICADOS, E ESTIVADOS PARA SUPORTAR OS RISCOS DAS OPERACOES DE TRANSPORTE E QUE ATENDEM AS EXIGENCIAS DA REGULAMENTACAO PEDIDO N TMM01344 CLIENTE  11393 ANEXO 4.41 DO |
|C170|1|8001|ACUM ELET MBR 5BS|300,00000|UND|14904,00|0,00|0|560|1403|1.403|0,00|0,00|0,00|0,00|0,00|0,00|0|00||0,00|0,00|0,00|70|0,00|0,00|||0,00|70|0,00|0,00|||0,00||0,00|
|C170|2|8003|ACUM ELET MBR 7BS|150,00000|UND|8944,50|0,00|0|560|1403|1.403|0,00|0,00|0,00|0,00|0,00|0,00|0|00||0,00|0,00|0,00|70|0,00|0,00|||0,00|70|0,00|0,00|||0,00||0,00|
|C170|3|8008|ACUM ELET MBR 6BS|600,00000|UND|33258,00|0,00|0|560|1403|1.403|0,00|0,00|0,00|0,00|0,00|0,00|0|00||0,00|0,00|0,00|70|0,00|0,00|||0,00|70|0,00|0,00|||0,00||0,00|
|C170|4|8020|ACUM ELET MBR 10BS|12,00000|UND|1102,20|0,00|0|560|1403|1.403|0,00|0,00|0,00|0,00|0,00|0,00|0|00||0,00|0,00|0,00|70|0,00|0,00|||0,00|70|0,00|0,00|||0,00||0,00|
|C170|5|8025|ACUM ELET MBR 14BS|40,00000|UND|4624,40|0,00|0|560|1403|1.403|0,00|0,00|0,00|0,00|0,00|0,00|0|00||0,00|0,00|0,00|70|0,00|0,00|||0,00|70|0,00|0,00|||0,00||0,00|
|C170|6|8026|ACUM ELET MBR 9AYS|18,00000|UND|1311,84|0,00|0|560|1403|1.403|0,00|0,00|0,00|0,00|0,00|0,00|0|00||0,00|0,00|0,00|70|0,00|0,00|||0,00|70|0,00|0,00|||0,00||0,00|
|C190|560|1403|0,00|64144,94|0,00|0,00|0,00|0,00|0,00|0,00||
|C100|0|1|6060|55|00|1|471|21191024662377000255550010000004711946284823|14102019|15102019|88073,11|0|0,00||88073,11|9|0,00|0,00|0,00|0,00|0,00|0,00|0,00|0,00|0,00|0,00|||
|C110|000045|DECLARAMOS QUE OS PRODUTOS PERIGOSOS ESTAO ADEQUADAMENTE CLASSIFICADOS, EMBALADOS, IDENTIFICADOS, E ESTIVADOS PARA SUPORTAR OS RISCOS DAS OPERACOES DE TRANSPORTE E QUE ATENDEM AS EXIGENCIAS DA REGULAMENTACAO PEDIDO N TA011398 CLIENTE  11393 ANEXO 4.41 DO |
|C170|1|B0006|ACUM ELET B150DG PIONEIRO|40,00000|UND|13067,60|0,00|0|560|1403|1.403|0,00|0,00|0,00|0,00|0,00|0,00|0|00||0,00|0,00|0,00|70|0,00|0,00|||0,00|70|0,00|0,00|||0,00||0,00|
|C170|2|B0169|ACUM ELET B180D PIONEIRO|5,00000|UND|2049,25|0,00|0|560|1403|1.403|0,00|0,00|0,00|0,00|0,00|0,00|0|00||0,00|0,00|0,00|70|0,00|0,00|||0,00|70|0,00|0,00|||0,00||0,00|
|C170|3|B0170|ACUM ELET B180EX PIONEIRO|6,00000|UND|2451,60|0,00|0|560|1403|1.403|0,00|0,00|0,00|0,00|0,00|0,00|0|49||0,00|0,00|0,00|70|0,00|0,00|||0,00|70|0,00|0,00|||0,00||0,00|
|C170|4|B0273|ACUM ELET B110E PIONEIRO|15,00000|UND|3459,15|0,00|0|560|1403|1.403|0,00|0,00|0,00|0,00|0,00|0,00|0|00||0,00|0,00|0,00|70|0,00|0,00|||0,00|70|0,00|0,00|||0,00||0,00|
|C170|5|B0302|ACUM. ELET. B225PE PIONEIRO|2,00000|UND|1107,58|0,00|0|560|1403|1.403|0,00|0,00|0,00|0,00|0,00|0,00|0|49||0,00|0,00|0,00|70|0,00|0,00|||0,00|70|0,00|0,00|||0,00||0,00|
|C170|6|B0357|ACUM ELET B100EP PIONEIRO|20,00000|UND|4289,20|0,00|0|560|1403|1.403|0,00|0,00|0,00|0,00|0,00|0,00|0|00||0,00|0,00|0,00|70|0,00|0,00|||0,00|70|0,00|0,00|||0,00||0,00|
|C170|7|F0008|ACUM ELET F50D PIONEIRO|20,00000|UND|2234,00|0,00|0|560|1403|1.403|0,00|0,00|0,00|0,00|0,00|0,00|0|00||0,00|0,00|0,00|70|0,00|0,00|||0,00|70|0,00|0,00|||0,00||0,00|
|C170|8|F0436|ACUM ELET F45D PIONEIRO|5,00000|UND|572,55|0,00|0|560|1403|1.403|0,00|0,00|0,00|0,00|0,00|0,00|0|00||0,00|0,00|0,00|70|0,00|0,00|||0,00|70|0,00|0,00|||0,00||0,00|
|C170|9|F0188|ACUM ELET F60D PIONEIRO|30,00000|UND|4097,70|0,00|0|560|1403|1.403|0,00|0,00|0,00|0,00|0,00|0,00|0|00||0,00|0,00|0,00|70|0,00|0,00|||0,00|70|0,00|0,00|||0,00||0,00|
|C170|10|F0012|ACUM ELET F60DG PIONEIRO|150,00000|UND|21924,00|0,00|0|560|1403|1.403|0,00|0,00|0,00|0,00|0,00|0,00|0|00||0,00|0,00|0,00|70|0,00|0,00|||0,00|70|0,00|0,00|||0,00||0,00|
|C170|11|F0018|ACUM ELET F70DG PIONEIRO|5,00000|UND|895,80|0,00|0|560|1403|1.403|0,00|0,00|0,00|0,00|0,00|0,00|0|00||0,00|0,00|0,00|70|0,00|0,00|||0,00|70|0,00|0,00|||0,00||0,00|
|C170|12|F0194|ACUM ELET F60DX PIONEIRO|15,00000|UND|2289,90|0,00|0|560|1403|1.403|0,00|0,00|0,00|0,00|0,00|0,00|0|00||0,00|0,00|0,00|70|0,00|0,00|||0,00|70|0,00|0,00|||0,00||0,00|
|C170|13|F0437|ACUM ELET F48GD PIONEIRO|30,00000|UND|3657,30|0,00|0|560|1403|1.403|0,00|0,00|0,00|0,00|0,00|0,00|0|00||0,00|0,00|0,00|70|0,00|0,00|||0,00|70|0,00|0,00|||0,00||0,00|
|C170|14|F0888|ACUM ELET F52GD  PIONEIRO|15,00000|UND|1924,80|0,00|0|560|1403|1.403|0,00|0,00|0,00|0,00|0,00|0,00|0|00||0,00|0,00|0,00|70|0,00|0,00|||0,00|70|0,00|0,00|||0,00||0,00|
|C170|15|F1097|ACUM ELET F100DS PIONEIRO|20,00000|UND|5227,00|0,00|0|560|1403|1.403|0,00|0,00|0,00|0,00|0,00|0,00|0|00||0,00|0,00|0,00|70|0,00|0,00|||0,00|70|0,00|0,00|||0,00||0,00|
|C170|16|F1099|ACUM ELET F52DC PIONEIRO|1,00000|UND|170,20|0,00|0|560|1403|1.403|0,00|0,00|0,00|0,00|0,00|0,00|0|00||0,00|0,00|0,00|70|0,00|0,00|||0,00|70|0,00|0,00|||0,00||0,00|
|C170|17|F1101|ACUM ELET F75PD PIONEIRO|30,00000|UND|5744,70|0,00|0|560|1403|1.403|0,00|0,00|0,00|0,00|0,00|0,00|0|00||0,00|0,00|0,00|70|0,00|0,00|||0,00|70|0,00|0,00|||0,00||0,00|
|C170|18|F0022|ACUM ELET F75HD PIONEIRO|3,00000|UND|664,68|0,00|0|560|1403|1.403|0,00|0,00|0,00|0,00|0,00|0,00|0|00||0,00|0,00|0,00|70|0,00|0,00|||0,00|70|0,00|0,00|||0,00||0,00|
|C170|19|F1105|ACUM ELET F90CD PIONEIRO|50,00000|UND|11316,00|0,00|0|560|1403|1.403|0,00|0,00|0,00|0,00|0,00|0,00|0|00||0,00|0,00|0,00|70|0,00|0,00|||0,00|70|0,00|0,00|||0,00||0,00|
|C170|20|F1106|ACUM ELET F90CE PIONEIRO|2,00000|UND|452,64|0,00|0|560|1403|1.403|0,00|0,00|0,00|0,00|0,00|0,00|0|49||0,00|0,00|0,00|70|0,00|0,00|||0,00|70|0,00|0,00|||0,00||0,00|
|C170|21|F1267|ACUM. ELET. F42DFB PIONEIRO|1,00000|UND|142,35|0,00|0|560|1403|1.403|0,00|0,00|0,00|0,00|0,00|0,00|0|00||0,00|0,00|0,00|70|0,00|0,00|||0,00|70|0,00|0,00|||0,00||0,00|
|C170|22|F1281|ACUM. ELET. EFB72D PIONEIRO|1,00000|UND|335,11|0,00|0|560|1403|1.403|0,00|0,00|0,00|0,00|0,00|0,00|0|00||0,00|0,00|0,00|70|0,00|0,00|||0,00|70|0,00|0,00|||0,00||0,00|
|C190|560|1403|0,00|88073,11|0,00|0,00|0,00|0,00|0,00|0,00||
|C100|0|1|4473|55|00|1|72368|42191082927385000100550010000723681289725887|08102019|15102019|7295,31|0|0,00||4918,37|9|0,00|0,00|0,00|4918,37|344,29|11019,27|1639,18|737,76|113,12|531,18|||
|C110|000046|DECLARAMOS QUE OS PRODUTOS PERIGOSOS ESTAO ADEQUADAMENTE CLASSIFICADOS, EMBALADOS, IDENTIFICADOS, E ESTIVADOS PARA SUPORTAR OS RISCOS DAS OPERACOES DE TRANSPORTE E QUE ATENDEM AS EXIGENCIAS DA REGULAMENTACAO PEDIDO N A0113991 CLIENTE  11393 ONU 2794  N DE|
|C170|1|F0829|ACUM ELET F60DN PIONEIRO|104,00000|UND|4918,37|0,00|0|510|1403|1.403|4918,37|7,00|344,29|11019,27|18,00|1639,18|0|00||4918,37|15,00|737,76|70|4918,37|2,30|||113,12|70|4918,37|10,80|||531,18||0,00|
|C190|510|1403|7,00|7295,31|4918,37|344,29|11019,27|1639,18|0,00|737,76||
|C100|0|1|5580|55|00|1|15048|42191012554612000105550010000150481932511896|08102019|15102019|17043,43|2|0,00||17043,43|9|0,00|0,00|0,00|0,00|0,00|0,00|0,00|0,00|0,00|0,00|||
|C110|000047|DECLARAMOS QUE OS PRODUTOS PERIGOSOS ESTAO ADEQUADAMENTE CLASSIFICADOS, EMBALADOS, IDENTIFICADOS, E ESTIVADOS PARA SUPORTAR OS RISCOS DAS OPERACOES DE TRANSPORTE E QUE ATENDEM AS EXIGENCIAS DA REGULAMENTACAO PEDIDO N PR2295931 CLIENTE  11393 NFE REF. SERI|
|C113|1|0|5580|55|001||000018996|28082019|21190805656386000108550010000189961999955219|
|C170|1|8001|ACUM ELET MBR 5BS|16,00000|UND|794,88|0,00|0|550|2949|2949G|0,00|0,00|0,00|0,00|0,00|0,00|0|49||0,00|0,00|0,00|70|0,00|0,00|||0,00|70|0,00|0,00|||0,00||0,00|
|C170|2|8003|ACUM ELET MBR 7BS|12,00000|UND|715,56|0,00|0|550|2949|2949G|0,00|0,00|0,00|0,00|0,00|0,00|0|49||0,00|0,00|0,00|70|0,00|0,00|||0,00|70|0,00|0,00|||0,00||0,00|
|C170|3|8008|ACUM ELET MBR 6BS|15,00000|UND|831,45|0,00|0|550|2949|2949G|0,00|0,00|0,00|0,00|0,00|0,00|0|49||0,00|0,00|0,00|70|0,00|0,00|||0,00|70|0,00|0,00|||0,00||0,00|
|C170|4|8020|ACUM ELET MBR 10BS|1,00000|UND|91,85|0,00|0|550|2949|2949G|0,00|0,00|0,00|0,00|0,00|0,00|0|49||0,00|0,00|0,00|70|0,00|0,00|||0,00|70|0,00|0,00|||0,00||0,00|
|C170|5|8025|ACUM ELET MBR 14BS|8,00000|UND|1512,00|0,00|0|550|2949|2949G|0,00|0,00|0,00|0,00|0,00|0,00|0|49||0,00|0,00|0,00|70|0,00|0,00|||0,00|70|0,00|0,00|||0,00||0,00|
|C170|6|8026|ACUM ELET MBR 9AYS|2,00000|UND|142,84|0,00|0|550|2949|2949G|0,00|0,00|0,00|0,00|0,00|0,00|0|49||0,00|0,00|0,00|70|0,00|0,00|||0,00|70|0,00|0,00|||0,00||0,00|
|C170|7|B0169|ACUM ELET B180D PIONEIRO|2,00000|UND|817,20|0,00|0|550|2949|2949G|0,00|0,00|0,00|0,00|0,00|0,00|0|00||0,00|0,00|0,00|70|0,00|0,00|||0,00|70|0,00|0,00|||0,00||0,00|
|C170|8|B0170|ACUM ELET B180EX PIONEIRO|2,00000|UND|817,56|0,00|0|550|2949|2949G|0,00|0,00|0,00|0,00|0,00|0,00|0|49||0,00|0,00|0,00|70|0,00|0,00|||0,00|70|0,00|0,00|||0,00||0,00|
|C170|9|B0302|ACUM. ELET. B225PE PIONEIRO|1,00000|UN|198,00|0,00|0|550|2949|2949G|0,00|0,00|0,00|0,00|0,00|0,00|0|49||0,00|0,00|0,00|70|0,00|0,00|||0,00|70|0,00|0,00|||0,00||0,00|
|C170|10|F0008|ACUM ELET F50D PIONEIRO|3,00000|UND|335,10|0,00|0|550|2949|2949G|0,00|0,00|0,00|0,00|0,00|0,00|0|49||0,00|0,00|0,00|70|0,00|0,00|||0,00|70|0,00|0,00|||0,00||0,00|
|C170|11|F0436|ACUM ELET F45D PIONEIRO|1,00000|UND|122,00|0,00|0|550|2949|2949G|0,00|0,00|0,00|0,00|0,00|0,00|0|49||0,00|0,00|0,00|70|0,00|0,00|||0,00|70|0,00|0,00|||0,00||0,00|
|C170|12|F0437|ACUM ELET F48GD PIONEIRO|4,00000|UND|784,00|0,00|0|550|2949|2949G|0,00|0,00|0,00|0,00|0,00|0,00|0|49||0,00|0,00|0,00|70|0,00|0,00|||0,00|70|0,00|0,00|||0,00||0,00|
|C170|13|F0188|ACUM ELET F60D PIONEIRO|1,00000|UND|149,00|0,00|0|550|2949|2949G|0,00|0,00|0,00|0,00|0,00|0,00|0|49||0,00|0,00|0,00|70|0,00|0,00|||0,00|70|0,00|0,00|||0,00||0,00|
|C170|14|F0012|ACUM ELET F60DG PIONEIRO|17,00000|UND|2484,72|0,00|0|550|2949|2949G|0,00|0,00|0,00|0,00|0,00|0,00|0|49||0,00|0,00|0,00|70|0,00|0,00|||0,00|70|0,00|0,00|||0,00||0,00|
|C170|15|F0016|ACUM ELET F70D PIONEIRO|1,00000|UND|158,00|0,00|0|550|2949|2949G|0,00|0,00|0,00|0,00|0,00|0,00|0|49||0,00|0,00|0,00|70|0,00|0,00|||0,00|70|0,00|0,00|||0,00||0,00|
|C170|16|F0018|ACUM ELET F70DG PIONEIRO|5,00000|UND|1250,00|0,00|0|550|2949|2949G|0,00|0,00|0,00|0,00|0,00|0,00|0|49||0,00|0,00|0,00|70|0,00|0,00|||0,00|70|0,00|0,00|||0,00||0,00|
|C170|17|F0194|ACUM ELET F60DX PIONEIRO|11,00000|UND|2695,00|0,00|0|550|2949|2949G|0,00|0,00|0,00|0,00|0,00|0,00|0|49||0,00|0,00|0,00|70|0,00|0,00|||0,00|70|0,00|0,00|||0,00||0,00|
|C170|18|F0829|ACUM ELET F60DN PIONEIRO|3,00000|UND|144,00|0,00|0|550|2949|2949G|0,00|0,00|0,00|0,00|0,00|0,00|0|49||0,00|0,00|0,00|70|0,00|0,00|||0,00|70|0,00|0,00|||0,00||0,00|
|C170|19|F0888|ACUM ELET F52GD  PIONEIRO|2,00000|UND|249,36|0,00|0|550|2949|2949G|0,00|0,00|0,00|0,00|0,00|0,00|0|49||0,00|0,00|0,00|70|0,00|0,00|||0,00|70|0,00|0,00|||0,00||0,00|
|C170|20|F1097|ACUM ELET F100DS PIONEIRO|2,00000|UND|532,44|0,00|0|550|2949|2949G|0,00|0,00|0,00|0,00|0,00|0,00|0|49||0,00|0,00|0,00|70|0,00|0,00|||0,00|70|0,00|0,00|||0,00||0,00|
|C170|21|F1105|ACUM ELET F90CD PIONEIRO|9,00000|UND|2076,12|0,00|0|550|2949|2949G|0,00|0,00|0,00|0,00|0,00|0,00|0|49||0,00|0,00|0,00|70|0,00|0,00|||0,00|70|0,00|0,00|||0,00||0,00|
|C170|22|F1267|ACUM. ELET. F42DFB PIONEIRO|1,00000|UN|142,35|0,00|0|550|2949|2949G|0,00|0,00|0,00|0,00|0,00|0,00|0|49||0,00|0,00|0,00|70|0,00|0,00|||0,00|70|0,00|0,00|||0,00||0,00|
|C190|550|2949|0,00|17043,43|0,00|0,00|0,00|0,00|0,00|0,00||
|C100|0|1|5580|55|00|1|15051|42191012554612000105550010000150511947470770|08102019|15102019|7241,68|2|0,00||7241,68|9|0,00|0,00|0,00|0,00|0,00|0,00|0,00|0,00|0,00|0,00|||
|C110|000048|DECLARAMOS QUE OS PRODUTOS PERIGOSOS ESTAO ADEQUADAMENTE CLASSIFICADOS, EMBALADOS, IDENTIFICADOS, E ESTIVADOS PARA SUPORTAR OS RISCOS DAS OPERACOES DE TRANSPORTE E QUE ATENDEM AS EXIGENCIAS DA REGULAMENTACAO PEDIDO N PR2311971 CLIENTE  11393 NFE REF. SERI|
|C113|1|0|5580|55|001||000019200|12092019|21190905656386000108550010000192001999953177|
|C170|1|8001|ACUM ELET MBR 5BS|9,00000|UND|447,12|0,00|0|550|2949|2949G|0,00|0,00|0,00|0,00|0,00|0,00|0|49||0,00|0,00|0,00|70|0,00|0,00|||0,00|70|0,00|0,00|||0,00||0,00|
|C170|2|8003|ACUM ELET MBR 7BS|9,00000|UND|536,67|0,00|0|550|2949|2949G|0,00|0,00|0,00|0,00|0,00|0,00|0|49||0,00|0,00|0,00|70|0,00|0,00|||0,00|70|0,00|0,00|||0,00||0,00|
|C170|3|8008|ACUM ELET MBR 6BS|8,00000|UND|443,44|0,00|0|550|2949|2949G|0,00|0,00|0,00|0,00|0,00|0,00|0|49||0,00|0,00|0,00|70|0,00|0,00|||0,00|70|0,00|0,00|||0,00||0,00|
|C170|4|8025|ACUM ELET MBR 14BS|1,00000|UND|115,61|0,00|0|550|2949|2949G|0,00|0,00|0,00|0,00|0,00|0,00|0|49||0,00|0,00|0,00|70|0,00|0,00|||0,00|70|0,00|0,00|||0,00||0,00|
|C170|5|8026|ACUM ELET MBR 9AYS|2,00000|UND|142,86|0,00|0|550|2949|2949G|0,00|0,00|0,00|0,00|0,00|0,00|0|49||0,00|0,00|0,00|70|0,00|0,00|||0,00|70|0,00|0,00|||0,00||0,00|
|C170|6|B0006|ACUM ELET B150DG PIONEIRO|1,00000|UND|335,63|0,00|0|550|2949|2949G|0,00|0,00|0,00|0,00|0,00|0,00|0|49||0,00|0,00|0,00|70|0,00|0,00|||0,00|70|0,00|0,00|||0,00||0,00|
|C170|7|F0437|ACUM ELET F48GD PIONEIRO|5,00000|UND|621,15|0,00|0|550|2949|2949G|0,00|0,00|0,00|0,00|0,00|0,00|0|49||0,00|0,00|0,00|70|0,00|0,00|||0,00|70|0,00|0,00|||0,00||0,00|
|C170|8|F0188|ACUM ELET F60D PIONEIRO|1,00000|UND|280,16|0,00|0|550|2949|2949G|0,00|0,00|0,00|0,00|0,00|0,00|0|49||0,00|0,00|0,00|70|0,00|0,00|||0,00|70|0,00|0,00|||0,00||0,00|
|C170|9|F0012|ACUM ELET F60DG PIONEIRO|9,00000|UND|1349,91|0,00|0|550|2949|2949G|0,00|0,00|0,00|0,00|0,00|0,00|0|49||0,00|0,00|0,00|70|0,00|0,00|||0,00|70|0,00|0,00|||0,00||0,00|
|C170|10|F0018|ACUM ELET F70DG PIONEIRO|5,00000|UND|1250,00|0,00|0|550|2949|2949G|0,00|0,00|0,00|0,00|0,00|0,00|0|49||0,00|0,00|0,00|70|0,00|0,00|||0,00|70|0,00|0,00|||0,00||0,00|
|C170|11|F0194|ACUM ELET F60DX PIONEIRO|5,00000|UND|783,30|0,00|0|550|2949|2949G|0,00|0,00|0,00|0,00|0,00|0,00|0|49||0,00|0,00|0,00|70|0,00|0,00|||0,00|70|0,00|0,00|||0,00||0,00|
|C170|12|F0829|ACUM ELET F60DN PIONEIRO|3,00000|UND|147,87|0,00|0|550|2949|2949G|0,00|0,00|0,00|0,00|0,00|0,00|0|49||0,00|0,00|0,00|70|0,00|0,00|||0,00|70|0,00|0,00|||0,00||0,00|
|C170|13|F0888|ACUM ELET F52GD  PIONEIRO|3,00000|UND|395,04|0,00|0|550|2949|2949G|0,00|0,00|0,00|0,00|0,00|0,00|0|49||0,00|0,00|0,00|70|0,00|0,00|||0,00|70|0,00|0,00|||0,00||0,00|
|C170|14|F1101|ACUM ELET F75PD PIONEIRO|2,00000|UND|392,92|0,00|0|550|2949|2949G|0,00|0,00|0,00|0,00|0,00|0,00|0|49||0,00|0,00|0,00|70|0,00|0,00|||0,00|70|0,00|0,00|||0,00||0,00|
|C190|550|2949|0,00|7241,68|0,00|0,00|0,00|0,00|0,00|0,00||
|C100|0|1|5580|55|00|1|15049|42191012554612000105550010000150491591371957|08102019|15102019|880,49|2|0,00||880,49|9|0,00|0,00|0,00|0,00|0,00|0,00|0,00|0,00|0,00|0,00|||
|C110|000049|DECLARAMOS QUE OS PRODUTOS PERIGOSOS ESTAO ADEQUADAMENTE CLASSIFICADOS, EMBALADOS, IDENTIFICADOS, E ESTIVADOS PARA SUPORTAR OS RISCOS DAS OPERACOES DE TRANSPORTE E QUE ATENDEM AS EXIGENCIAS DA REGULAMENTACAO PEDIDO N PR2295941 CLIENTE  11393 NFE REF. SERI|
|C113|1|0|5580|55|001||000018998|28082019|21190805656386000108550010000189981999955191|
|C170|1|8025|ACUM ELET MBR 14BS|1,00000|UND|189,00|0,00|0|550|2949|2949G|0,00|0,00|0,00|0,00|0,00|0,00|0|49||0,00|0,00|0,00|70|0,00|0,00|||0,00|70|0,00|0,00|||0,00||0,00|
|C170|2|F0018|ACUM ELET F70DG PIONEIRO|2,00000|UND|500,00|0,00|0|550|2949|2949G|0,00|0,00|0,00|0,00|0,00|0,00|0|49||0,00|0,00|0,00|70|0,00|0,00|||0,00|70|0,00|0,00|||0,00||0,00|
|C170|3|F1101|ACUM ELET F75PD PIONEIRO|1,00000|UND|191,49|0,00|0|550|2949|2949G|0,00|0,00|0,00|0,00|0,00|0,00|0|49||0,00|0,00|0,00|70|0,00|0,00|||0,00|70|0,00|0,00|||0,00||0,00|
|C190|550|2949|0,00|880,49|0,00|0,00|0,00|0,00|0,00|0,00||
|C100|0|0|1|55|00|001|19765|21191005656386000108550010000197651999947527|22102019|22102019|20376,00|2|0,00||20376,00|9|0,00|0,00|0,00|0,00|0,00|0,00|0,00|0,00|0,00|0,00|||
|C110|000050|Retorno de remessa referente aas NFEs numero19330|
|C113|1|0|1|55|001||000019330|21092019|21190905656386000108550010000193301999951870|
|C170|1|8001|ACUM ELET MBR 5BS|34,00000|UN|2992,00|0,00|0|060|1904|1904|0,00|0,00|0,00|0,00|0,00|0,00|0|49||0,00|0,00|0,00|70|0,00|0,00|||0,00|70|0,00|0,00|||0,00||0,00|
|C170|2|8008|ACUM ELET MBR 6BS|69,00000|UN|6831,00|0,00|0|060|1904|1904|0,00|0,00|0,00|0,00|0,00|0,00|0|49||0,00|0,00|0,00|70|0,00|0,00|||0,00|70|0,00|0,00|||0,00||0,00|
|C170|3|8003|ACUM ELET MBR 7BS|26,00000|UN|2782,00|0,00|0|060|1904|1904|0,00|0,00|0,00|0,00|0,00|0,00|0|49||0,00|0,00|0,00|70|0,00|0,00|||0,00|70|0,00|0,00|||0,00||0,00|
|C170|4|8060|ACUM ELET ALF2 PIONEIRO TECH|6,00000|UN|294,00|0,00|0|060|1904|1904|0,00|0,00|0,00|0,00|0,00|0,00|0|49||0,00|0,00|0,00|01|0,00|0,00|||0,00|70|0,00|0,00|||0,00||0,00|
|C170|5|F0436|ACUM ELET F45D PIONEIRO|3,00000|UN|711,00|0,00|0|060|1904|1904|0,00|0,00|0,00|0,00|0,00|0,00|0|49||0,00|0,00|0,00|70|0,00|0,00|||0,00|70|0,00|0,00|||0,00||0,00|
|C170|6|F0437|ACUM ELET F48GD PIONEIRO|2,00000|UN|502,00|0,00|0|060|1904|1904|0,00|0,00|0,00|0,00|0,00|0,00|0|49||0,00|0,00|0,00|70|0,00|0,00|||0,00|70|0,00|0,00|||0,00||0,00|
|C170|7|F0008|ACUM ELET F50D PIONEIRO|2,00000|UN|476,00|0,00|0|060|1904|1904|0,00|0,00|0,00|0,00|0,00|0,00|0|49||0,00|0,00|0,00|70|0,00|0,00|||0,00|70|0,00|0,00|||0,00||0,00|
|C170|8|F0012|ACUM ELET F60DG PIONEIRO|5,00000|UN|1505,00|0,00|0|060|1904|1904|0,00|0,00|0,00|0,00|0,00|0,00|0|49||0,00|0,00|0,00|70|0,00|0,00|||0,00|70|0,00|0,00|||0,00||0,00|
|C170|9|F0829|ACUM ELET F60DN PIONEIRO|4,00000|UN|900,00|0,00|0|060|1904|1904|0,00|0,00|0,00|0,00|0,00|0,00|0|49||0,00|0,00|0,00|70|0,00|0,00|||0,00|70|0,00|0,00|||0,00||0,00|
|C170|10|F0188|ACUM ELET F60D PIONEIRO|4,00000|UN|1136,00|0,00|0|060|1904|1904|0,00|0,00|0,00|0,00|0,00|0,00|0|49||0,00|0,00|0,00|70|0,00|0,00|||0,00|70|0,00|0,00|||0,00||0,00|
|C170|11|F1101|ACUM ELET F75PD PIONEIRO|1,00000|UN|391,00|0,00|0|060|1904|1904|0,00|0,00|0,00|0,00|0,00|0,00|0|49||0,00|0,00|0,00|70|0,00|0,00|||0,00|70|0,00|0,00|||0,00||0,00|
|C170|12|F1105|ACUM ELET F90CD PIONEIRO|4,00000|UN|1856,00|0,00|0|060|1904|1904|0,00|0,00|0,00|0,00|0,00|0,00|0|49||0,00|0,00|0,00|70|0,00|0,00|||0,00|70|0,00|0,00|||0,00||0,00|
|C190|060|1904|0,00|20376,00|0,00|0,00|0,00|0,00|0,00|0,00||
|C100|0|1|5614|55|00|1|3788|21191017120113000204550010000037881000012128|16102019|24102019|1210,00|0|0,00||1210,00|9|0,00|0,00|0,00|0,00|0,00|0,00|0,00|0,00|0,00|0,00|||
|C110|000051|PEDIDO NUMERO 000006898 VENDEDOR ARMANDO|
|C170|1|57|POLIA VIRABREQUIM MASTER 2.3 13 16V|1,00000|UN|850,00|0,00|1|060|1556|1556|0,00|0,00|0,00|0,00|0,00|0,00|0|49||0,00|0,00|0,00|99|0,00|0,00|||0,00|99|0,00|0,00|||0,00||0,00|
|C170|2|58|POLIA ALT. MASTER 2.5|1,00000|UN|360,00|0,00|1|060|1556|1556|0,00|0,00|0,00|0,00|0,00|0,00|0|49||0,00|0,00|0,00|99|0,00|0,00|||0,00|99|0,00|0,00|||0,00||0,00|
|C190|060|1556|0,00|1210,00|0,00|0,00|0,00|0,00|0,00|0,00||
|C100|0|0|1|55|00|001|19872|21191005656386000108550010000198721999946458|29102019|29102019|14670,00|2|0,00||14670,00|9|0,00|0,00|0,00|0,00|0,00|0,00|0,00|0,00|0,00|0,00|||
|C110|000053|Retorno de remessa referente aas NFEs numero19254|
|C113|1|0|1|55|001||000019254|17092019|21190905656386000108550010000192541999952635|
|C170|1|8001|ACUM ELET MBR 5BS|19,00000|UN|1672,00|0,00|0|060|1904|1904|0,00|0,00|0,00|0,00|0,00|0,00|0|49||0,00|0,00|0,00|70|0,00|0,00|||0,00|70|0,00|0,00|||0,00||0,00|
|C170|2|8008|ACUM ELET MBR 6BS|24,00000|UN|2352,00|0,00|0|060|1904|1904|0,00|0,00|0,00|0,00|0,00|0,00|0|49||0,00|0,00|0,00|70|0,00|0,00|||0,00|70|0,00|0,00|||0,00||0,00|
|C170|3|8003|ACUM ELET MBR 7BS|28,00000|UN|3080,00|0,00|0|060|1904|1904|0,00|0,00|0,00|0,00|0,00|0,00|0|49||0,00|0,00|0,00|70|0,00|0,00|||0,00|70|0,00|0,00|||0,00||0,00|
|C170|4|8060|ACUM ELET ALF2 PIONEIRO TECH|6,00000|UN|294,00|0,00|0|060|1904|1904|0,00|0,00|0,00|0,00|0,00|0,00|0|49||0,00|0,00|0,00|01|0,00|0,00|||0,00|70|0,00|0,00|||0,00||0,00|
|C170|5|8061|ACUM ELET 7F2 PIONEIRO TECH|6,00000|UN|330,00|0,00|0|060|1904|1904|0,00|0,00|0,00|0,00|0,00|0,00|0|49||0,00|0,00|0,00|01|0,00|0,00|||0,00|70|0,00|0,00|||0,00||0,00|
|C170|6|8062|ACUM ELET 9F2 PIONEIRO TECH|6,00000|UN|414,00|0,00|0|060|1904|1904|0,00|0,00|0,00|0,00|0,00|0,00|0|49||0,00|0,00|0,00|01|0,00|0,00|||0,00|70|0,00|0,00|||0,00||0,00|
|C170|7|F0436|ACUM ELET F45D PIONEIRO|3,00000|UN|702,00|0,00|0|060|1904|1904|0,00|0,00|0,00|0,00|0,00|0,00|0|49||0,00|0,00|0,00|70|0,00|0,00|||0,00|70|0,00|0,00|||0,00||0,00|
|C170|8|F0437|ACUM ELET F48GD PIONEIRO|4,00000|UN|992,00|0,00|0|060|1904|1904|0,00|0,00|0,00|0,00|0,00|0,00|0|49||0,00|0,00|0,00|70|0,00|0,00|||0,00|70|0,00|0,00|||0,00||0,00|
|C170|9|F0012|ACUM ELET F60DG PIONEIRO|3,00000|UN|885,00|0,00|0|060|1904|1904|0,00|0,00|0,00|0,00|0,00|0,00|0|49||0,00|0,00|0,00|70|0,00|0,00|||0,00|70|0,00|0,00|||0,00||0,00|
|C170|10|F0188|ACUM ELET F60D PIONEIRO|7,00000|UN|1960,00|0,00|0|060|1904|1904|0,00|0,00|0,00|0,00|0,00|0,00|0|49||0,00|0,00|0,00|70|0,00|0,00|||0,00|70|0,00|0,00|||0,00||0,00|
|C170|11|F1101|ACUM ELET F75PD PIONEIRO|1,00000|UN|385,00|0,00|0|060|1904|1904|0,00|0,00|0,00|0,00|0,00|0,00|0|49||0,00|0,00|0,00|70|0,00|0,00|||0,00|70|0,00|0,00|||0,00||0,00|
|C170|12|F1105|ACUM ELET F90CD PIONEIRO|3,00000|UN|1122,00|0,00|0|060|1904|1904|0,00|0,00|0,00|0,00|0,00|0,00|0|49||0,00|0,00|0,00|70|0,00|0,00|||0,00|70|0,00|0,00|||0,00||0,00|
|C170|13|B0273|ACUM ELET B110E PIONEIRO|1,00000|UN|482,00|0,00|0|060|1904|1904|0,00|0,00|0,00|0,00|0,00|0,00|0|49||0,00|0,00|0,00|70|0,00|0,00|||0,00|70|0,00|0,00|||0,00||0,00|
|C190|060|1904|0,00|14670,00|0,00|0,00|0,00|0,00|0,00|0,00||
|C100|0|1|6975|55|00|1|272|21191031424343000107550010000002721304000003|11102019|30102019|100,00|2|0,00||100,00|9|0,00|0,00|0,00|0,00|0,00|0,00|0,00|0,00|0,00|0,00|||
|C170|1|18|DESPSESAS COM HOSPEDAGENS|1,00000|UN|100,00|0,00|1|040|1556|1556|0,00|0,00|0,00|0,00|0,00|0,00|0|49||0,00|0,00|0,00|49|0,00|0,00|||0,00|49|0,00|0,00|||0,00||0,00|
|C190|040|1556|0,00|100,00|0,00|0,00|0,00|0,00|0,00|0,00||
|C100|0|1|6975|55|00|1|273|21191031424343000107550010000002731304000000|16102019|30102019|200,00|2|0,00||200,00|9|0,00|0,00|0,00|0,00|0,00|0,00|0,00|0,00|0,00|0,00|||
|C170|1|18|DESPSESAS COM HOSPEDAGENS|2,00000|UN|200,00|0,00|1|040|1556|1556|0,00|0,00|0,00|0,00|0,00|0,00|0|49||0,00|0,00|0,00|49|0,00|0,00|||0,00|49|0,00|0,00|||0,00||0,00|
|C190|040|1556|0,00|200,00|0,00|0,00|0,00|0,00|0,00|0,00||
|C990|1813|
|D001|1|
|D990|2|
|E001|0|
|E100|01102019|31102019|
|E110|0,00|0,00|0,00|0,00|344,29|0,00|0,00|0,00|0,00|0,00|0,00|0,00|344,29|0,00|
|E200|MA|01102019|31102019|
|E210|0|0,00|0,00|0,00|0,00|0,00|0,00|0,00|0,00|0|0,00|0,00|0,00|0,00|
|E250|006|0,00|31102019|100099|||||102019|
|E200|SC|01102019|31102019|
|E210|1|0,00|0,00|0,00|1639,18|0,00|0,00|0,00|0,00|0|0,00|0,00|1639,18|0,00|
|E250|001|0,00|31102019|100099|||||102019|
|E990|10|
|G001|1|
|G990|2|
|H001|1|
|H990|2|
|K001|1|
|K990|2|
|1001|0|
|1010|N|N|N|N|N|N|N|N|N|N|N|N|
|1990|3|
|9001|0|
|9900|0000|1|
|9900|0001|1|
|9900|0005|1|
|9900|0015|0|
|9900|0100|1|
|9900|0150|308|
|9900|0190|2|
|9900|0200|46|
|9900|0220|30|
|9900|0400|11|
|9900|0450|12|
|9900|0460|2|
|9900|0990|1|
|9900|1001|1|
|9900|1010|1|
|9900|1400|0|
|9900|1990|1|
|9900|9001|1|
|9900|9990|1|
|9900|B001|1|
|9900|B990|1|
|9900|C001|1|
|9900|C100|478|
|9900|C110|12|
|9900|C113|6|
|9900|C170|861|
|9900|C190|454|
|9900|C990|1|
|9900|D001|1|
|9900|D100|0|
|9900|D190|0|
|9900|D500|0|
|9900|D590|0|
|9900|D990|1|
|9900|E001|1|
|9900|E100|1|
|9900|E110|1|
|9900|E200|2|
|9900|E210|2|
|9900|E250|2|
|9900|E990|1|
|9900|G001|1|
|9900|G990|1|
|9900|H001|1|
|9900|H990|1|
|9900|K001|1|
|9900|K990|1|
|9900|9900|49|
|9900|9999|1|
|9990|52|
|9999|2304|
