|0000|014|0|01012020|31012020|CASA DAS MOLAS DISTRIBUIDORA DE AUTOPECAS LTDA|22030835000127||PI|195547489|2211001|||A|1|
|0001|0|
|0005|DISTRIBUIDORA CASA DAS MOLAS|64018865|RUA MAUA|1470||TABULETA|8630832336||esconcontabilidaderjr@gmail.com|
|0100|RIMARIO DE JESUS RODRIGUES|20086180304|3683||64014073|RUA SANTA LUZIA|3040||ILHOTAS|8633037105||ESCONCONTABILIDADERJR@GMAIL.COM|2211001|
|0150|332|MARKO COMERCIO E SERVICOS LTDA|1058|12173530000110||194063054|2211001||RUA DOUTOR AREA LEAO|278||CENTRO|
|0150|569|LINDE COMERCIO E SERVICOS DE TECNOLOGIA LTDA|1058|06079674000100||194534227|2211001||Rua Doutor Area Leao|325||Centro|
|0150|619|AUTOFACIL LTDA|1058|10145610000137||194661300|2211001||AV:PRESIDENTE KENNEDY, 6375||0|MORROS|
|0150|633|BALDESSAR IMPLEMENTOS RODOVIARIOS LTDA - 00000058|1058|69665560000161||194283925|2211001||AV PREFEITO WALL FERRAZ|14966||PARQUE JACINTA|
|0150|672|GENIVAL LEAL DOS REIS ME|1058|08287051000158|||2211001||DAVID CALDAS|3845||VERMELHA|
|0150|675|CASA DAS MOLAS COM DE PECAS SERV DE MOLAS LTDA EPP|1058|03251986000160||194491048|2211001||RUA ERNESTO JOSE BATISTA|1510||TABULETA|
|0150|793|JOSE FRANCISCO FILHO|1058||21739080300||2210003||TRAVESSA ERNESTO CARVALHO S/N||S/N|CENTRO|
|0150|930|EMPRESA BARROSO LTDA.|1058|06721559000278||194026612|2211001||R. JOAQUIM BARROSO|4320||SACI|
|0150|1012|CONSTRUTORA E IMOBILIARIA TROPICAL LTDA|1058|10997138000160|||2211001||AV PRESIDENTE KENNEDY|336||SAO CRISTOVAO|
|0150|1319|AJ FUCHS TRANSPORTES LTDA|1058|80845043000107||1017232831|4106902||RUA ARY CLAUDINO ZIEMER|233||PINHEIRINHO|
|0150|1465|TRANSCOL TRANSPORTES COLETIVOS LTDA|1058|07098999000100|||2211001||RUA:SIMPLICIO MENDES,3223||0|PIO XII (SUL)|
|0150|1541|VOLKSBUS AUTO PECAS LTDA|1058|03518739000188||194447758|2211001||RUA 13 DE MAIO SUL|3938|SUL|TABULETA|
|0150|1714|NOROESTE DIESEL LTDA.|1058|01674104000144||194374432|2211001||AV.GETULIO VARGAS,1545|1545||TABULETA|
|0150|1730|FONTENELE E FONTENELE  LTDA|1058|12065256000166||194175413|2211001||AV:GETULIO VARGAS|1310||TABULETA|
|0150|1858|TRANSPORTES SAO CRISTOVAO LTDA|1058|05876672000189|||2211001||BR=343 KM=349|3113||PARQUE ITARARE|
|0150|3344|CARDAN TERESINA LTDA|1058|07558401000100||194574695|2211001||AV:PREFEITO WALL FERRAZ,8546|8546|BR 316|LOURIVAL PARENTE|
|0150|4088|F R DE ARAUJO ALBUQUERQUE|1058|07757511000100||127095250|2103307||RUA AGENOR MONTURIL   N.1330|1330||SAO SEBASTIAO|
|0150|113039|FRANCISCO P. DA SILVA FILHO INDUSTRIA|1058|05362020000126||122038231|2103406||R JOAQUIM NUNES DE CARVALHO|||CENTRO|
|0150|199849|QUEIROZ E AZEVEDO COMERCIO E SERVICO DE MOLAS - 00000161|1058|10306468000162||194673278|2211001||RUA ENESTO BATISTA|111||TABULETA|
|0150|221075|ALVACI PORTELA DE OLIVEIRA JUNIOR|1058||45061513304||2211001||SACI|03|QUADRA 20|SACI|
|0150|789746|CONSTRUTORA MARINHEIRO LTDA EPP|1058|12069779000180||194078981|2200400||RUA DOMINGOS FELIX S/N||0|CENTRO|
|0150|789929|MORAIS MARQUES E CIA LTDA|1058|12187423000141||193016648|2211001||AV:JOAO ANTONIO LEITAO,5145|5145|SALA 1|PICARREIRA|
|0150|789960|OSVALDO MENDES E CIA LTDA|1058|07227010000103||193010186|2211001||RUA QUINTINO BOCAIUVA, 1023||0|NOSSA SRª DAS GRACAS|
|0150|790502|FRANCISCA CRISTINE SILVA MENESES|1058|08742130000101||194621499|2211001||R ERNESTO JOSE BATISTA|||TABOLETA|
|0150|791162|IABV - IND.DE ARTEF DE BORRACHA VENCEDORA|1058|00669977000104||7020197026|4114203||ROD.PR.444 - KM 38, S/N||0PQ INDUSTRIAL|PQ INDUSTRIAL|
|0150|791169|INDUSTRIA E COM. DE AUTO PECAS REI LTDA|1058|45967890000143||243000031112|3509403||RODOVIA SP 338||KM 308,2|SAO SEBASTIAO|
|0150|791488|EMTRACOL-EMP. DE TRANSPORTE COLETIVO LTD|1058|06718969000189|||2211001||BR-&gt; 343  KM-&gt; 05|4780||DIRCEU I|
|0150|791735|COMVAP ACUCAR E ALCOOL LTDA|1058|05343207000263||194523217|2211100||FAZENDA SITIO,S/N||S/N|ZONA RURAL|
|0150|791804|SUSPENTECH IND.COMP. AUTOMOTIVOS LTDA|1058|90159252000150||2240019896|4319000||RUA PADRE FEIJO|800|CX POSTAL|INDUSTRIAL|
|0150|791808|LUIS M. DE C. FILHO|1058|69607265000159||194265595|2211001||RUA VEREADOR DIONISIO SANTOS|1265||TABULETA|
|0150|1100075|prefeitura municipal de olho dagua piaui|1058|01612595000107|||2207108||nossa senhora das dores|659||centro|
|0150|1100165|JURANDI VIEIRA DE SOUSA E CIA LTDA.|1058|12059549000130|||2211001||RUA JOAQUIM BARROSO, 4351||S/N|B. SACI|
|0150|1100362|TRANSPORTE COLETIVO CIDADE VERDE LTDA|1058|23621048000112|||2211001||RUA VALENCA|3727||TABULETA|
|0150|1100562|TRANSPORTADORA JP SANTANENSE LTDA|1058|11004221000154||9050138663|4115200||RUA RAIMUNDO CORREIA|440||ZONA 06|
|0150|1100654|MARIA DO PERPETUO SOCORRO LEITE FRANCO|1058|23628019000182||194111830|2203701||R CEL PATRIOTINO LAGES|232||CENTRO|
|0150|1101014|SETEX DO BRASIL EIRELI|1058|05258929000139||116443868115|3550308||EUGENIO DE FREITAS|177||VILA GUILHERME|
|0150|1101127|FRANCISCO JOSE DA SILVA CRUZ-ME|1058|11641107000135||194701255|2211001||RUA 13 DE MAIO,4046||S/N|TABULETA|
|0150|1101516|RODOCARGAS NORDESTE TRANSPORTE DE CARGAS EIRELI|1058|07494510000373||336885273112|3518800||Viela Urga|144||Vila Nova Bonsucesso|
|0150|1105500|REDECARD S.A|1058|01425787000104|||3505708||Avenida Doutor Marcos Penteado de Ulhôa Rodrigues|439|LJ 01-12 AND 14|Tamboré|
|0150|1105501|CIELO S.A|1058|01027058000191|||3505708||ALAMEDA XINGU|512||ALPHAVILLE|
|0150|1105502|ADMINISTRADORA CREDISHOP|1058|62895230000113|||2211001||AV FREI SERAFIM|2648||ILHOTAS|
|0150|1107308|HENRIQUE SANTOS DE SOUSA|1058|09634527000142||194660125|2211001||AV:MIGUEL ROSA,N:7546|7546||TABULETA|
|0150|1107703|J R R DE CASTRO|1058|41267949000130||194226336|2211001||RUA CELSO PINHEIRO 2705 SUL|2705||TRES ANDARES|
|0150|1108230|BRASPRESS TRANSPORTES URGENTES LTDA|1058|48740351005477||582695554112|3543402||ANTONIO PALOCCI|66||JD O BRANCO|
|0150|1108917|RJ COMERCIO E SERVICOS EM VEICULOS LTDA|1058|11485534000252||195045025|2211001||AV:MIGUEL ROSA,N 4620|4620||NOSSA SRA.DAS GRACAS|
|0150|1111670|DIESEL E CIA LTDA|1058|14874707000131||194961974|2211001||RUA MAJOR ULISSES PEREIRA DA SILVA|6046|BR316 KM9|BRASILAR|
|0150|1112737|SANTA ROSA PECAS E SERVICO|1058|11396392000176||123241162|2107803||RUA AEROPORTO 333|333||CENTRO|
|0150|1112746|MACRODIESEL PECAS TRATORES IMPLEMENTOS E SERVICOS LTDA|1058|05615178000160||194515354|2211001||AV MIGUEL ROSA (ZONA SUL)|7250||TABULETA|
|0150|1114036|LEADER TRANSPORTE DE PASSAG LTDA|1058|13118835000192|||2211001||AV Duque de Caxias|4040||Agua Mineral|
|0150|1115051|FRANCISCO BARROSO SOBRINHO|1058|34963066000107|||2211001||RUA SANTA EFIGENIA|4344||SANTA LUZIA|
|0150|1115074|MACEDO AUTOPECAS LTDA ME|1058|16888495000177||195089812|2211001||RUA ERNESTO BATISTA  N 1226|1226||TABULETA|
|0150|90000036|FC OLIVEIRA & CIA LTDA|1058|07069487000370||120925494|2103307||AV SANTOS DUMONT|004130||CENTRO|
|0150|90001358|CERAMICA CERMAR LTDA|1058|20321669000192||195430646|2211001||RODOVIA PI 130 KM 21|21|21  ZONA RURAL|SUMARE|
|0150|90001360|J PAULO HENRIQUE DE FREITAS ME|1058|15088499000108||194966380|2211001||AV BARAO DE GURGUEIA, 3080LJ 02|||SAO PEDRO|
|0150|90001466|SURIEL DISTRIBUIDORA DE PECAS LTDA|1058|10383414000281||195089286|2211001||Avenida Prefeito Wall Ferraz|15810||Santo Antonio|
|0150|90001703|C MOURA & CIA LTDA ME|1058|10226188000144||194663612|2211001||AV BARAO DE GURGUEIA, 2841 / SUL|||VERMELHA|
|0150|90001774|FRIGORIFICO DE TIMON LTDA|1058|05699871000169||120754908|2112209||ROD TIMON/PRES DUTRA BR 226 KM 09||S/N|CE|
|0150|90002900|V. F. SOUSA COMERCIO|1058|04618582000125||194486915|2211001||AV. PREF. HUGO BASTOS|5922||VALE QUEM TEM|
|0150|90003774|MIGUEL COMERCIO DE AUTO PECAS E ACESSORIOS LTDA|1058|07824863000122||195496000|2211001||RUA ANTONIO GREGORIO VERAS|11166||Santo Antonio|
|0150|90007844|W C DE CARVALHO|1058|09017359000146||194635856|2208304||PIRACURUCA|1001||CENTRO|
|0150|90012656|LAMINACAO VALE JAGUARIBE LTDA|1058|10429917000160||063699486|2303709||AVENIDA CRUZEIRO DO SUL||S/NKM 18|GENIPABU|
|0150|90013296|SILVA E BARROS LTDA|1058|04162704000111||194470970|2211001||RUA PEDRO II|2019||CIDADE NOVA|
|0150|90013936|O P GUEIRREIRO PECAS PARA MAQUINAS ME|1058|24626261000180||195759737|2211001||RUA PREFEITO WALL FERRAZ   N 7420|7420||TRIUNFO|
|0150|90014987|JERONIMO E PEREIRA LTDA|1058|41508151000132||194315541|2211001||AV. HENRY WALL DE CARVALHO|4572|SUL|TABULETA|
|0150|100002099|CLAUDINO S/A LOJAS DE DEPARTAMENTOS|1058|06862627000138||194009696|2211001||RUA JOAO CABRAL|607||CENTRO|
|0150|100003707|MAUKON ROBERT ARAUJO SOUSA|1058||34816500359||2207702||PROFESSOR JOSE RODRIGUES E SILVA|192||REIS VELOSO|
|0150|100004306|FACCHINI S/A. - 00021566|1058|03509978004916||195908392|2211001||PREFEITO WALL FERRAZ|19355||PEDRA MIUDA|
|0150|100004812|FABIO VIEIRA DA SILVA|1058|17599794000154||195119304|2207009||TRANSAMAZONICA, 1724|1724|A|RODAGEM DE PICOS|
|0150|1000005204|BZ AUTOMOTIVE LTDA|1058|09424422000169||9043394158|4106902||DOUTOR LIBANIO ESTANISLAU CARDOSO|304||CIC|
|0150|1000005476|EMPRESA DE TRANSPORTES LTDA(EDITUR)|1058|23643653000194||194121780|2211001||RUA:SANTA EFIGENIA,4629|4629||SACI|
|0150|1000006179|SALVADOR VOGADO BEZERRA|1058|13454556000108||194851265|2201903||AV.ADEMAR DIOGENES  S/N||0|MIRAMAR|
|0150|1000006318|ISS SILVA PECAS PARA VEICULOS EIRELI ME|1058|24437150000125||195753216|2211001||AVE. BARAO DE GURGUEIA   N.1852|1852||VERMELHA|
|0150|1000006974|E S DA ROCHA PECAS E SERV PARA VEIUCULOS - ME|1058|27114713000132||195966074|2211001||RUA BARROSO     N.3739|3739|(ZONA SUL) CASA|CENTRO|
|0150|1000007123|FRANCISCO DE SOUSA PAZ|1058||06990846798||2203305||BR 316|0||ZONA RURAL|
|0150|1000007794|B.P. DE ARAUJO -ME 3788|1058|19639276000142|||2210003||AV. JOSE TORQUATO RODRIGUES 780||SN|ALTO SANTA FE|
|0150|1000008294|CEARA TRANSPORTES DE CARGAS EIRELI ME|1058|23646297000162||064970841|2304400||RUA DELTA|366||MANUEL SÃTIRO|
|0150|1000010482|WOLCAR PECAS E ACESSORIOS LTDA 3792|1058|08844531000172||194625362|2211209||RAUA ALMIR BE VINDO N 63||SN|MALVINHAS|
|0150|1000016108|SILVA SANTOS CAMINHOES LTDA ME - 00018998|1058|19439283000109||195334248|2211001||AV. PREFEITO WALL FERRAZ|13827||PARQUE JACINTA|
|0150|1000019970|AUTO PECAS ROCHA &AMP; OLIVEIRA LTDA - EPP|1058|29259088000142||196105579|2211001||Avenida Barao de Gurgueia|3835||Tabuleta|
|0150|1000021300|HIPERCARD SA|1058|03012230000169|||2611606||Rua Ernesto de Paula Santos|187||Boa Viagem|
|0150|1000022205|EXPRESSO SATELITE AZUL EIRELI ME|1058|27428590000104||106888064|5208707||AVENIDA MARIA DE MELOQD LOTE 02|481||CHACARAS MARIA DILCE|
|0150|1000023640|VALDENIR A MOURA EIRELLI|1058|41532177000116||196064929|2211001||R. VALENCA|3875||TABULETA|
|0150|1000027005|CESAR AUGUSTO SILVA EIRELI|1058|29774707000137||196170230|2211001||AV BARAO DE GURGUEIA   N.3022|3022|LOCA C|TABULETA|
|0150|1000027064|RAIMUNDO NONATO DOS SANTOS SILVA|1058||25167774349||2103307||RUA TERESINA|1886||SAO SEBASTIAO|
|0150|1000027186|NOBUK INDUSTRIA E COMERCIO DE PECAS DE BORRACHA LTDA - EPP|1058|01694376000106||495067732115|3534708||AVENIDA OCTAVIO GRANDINI|205||DISTRITO INDUSTRIAL|
|0150|1000027260|OLIVO SA INDUSTRIA DE IMPLEMENTOS RODOVIARIOS|1058|24626523000106||257941754|4217600||ROD SC 447|471||CENTRO|
|0150|1000028458|TRANSFACIL TRANSPORTES COLETIVO LTDA|1058|26737134000183|||2211001||AVENIDA INDUSTRIAL GIL MARTINS||S/N LADO PAR|REDENCAO|
|0150|1000028996|ODAPEL DISTRIBUIDORA DE AUTO PECAS LTDA - FILIAL|1058|61123543000352||104387432|5208707||R. BOM SUCESSO||344 - QD 2|JD PETROPOLIS|
|0150|1000029001|N R TRANSPORTES EIRELI - ME|1058|19392776000122||9065374789|4101408||RUA SAO SALVADOR|004|LOTEAMENTO CENTRAL|LOTEAMENTO CENTRAL|
|0150|1000029496|TRANSPORTES SUL EIRELI ME|1058|26997525000137||258232811|4217600||RUA MARTA SAVARIS|||CENTRO|
|0150|1000029612|RAIMUNDO SINESIO DO NASCIMENTO FILHO|1058||01931850321||2211001||AV PROFESSOR CAMILO FILHO|8||TODOS OS SANTOS|
|0150|1000030023|CORTEZ &AMP; ASSUNCAO LTDA|1058|30920589000107||196241294|2208007||AV. SENADOR HELVIDIO NUNES   N.6809|6809||PARAIBINHA|
|0150|1000031836|PARNAUTO VEICULOS LTDA|1058|05590088000758||194942783|2207702||AV.SENADOR FURTADO|916||NOVA PARNAIBA|
|0150|1000031839|EDINILTON A DOS SANTOS -ME|1058|01613149000109||122315235|2112233||RUA AFONSO PENA   N: 315|315||CENTRO|
|0150|1000031840|HALZENIRA MENDES LIMA DE MORAES|1058|17063998000176||195091728|2211001||RUA HERMINIO CONDE N 1579|1579||TABULETA|
|0150|1000031842|L.K SILVA E S. SIMOES-COMERCIO-ME|1058|13915747000111||123618789|2100808||AV. RESIDENTE MEDICE|1166|LETRA A|SANTO ANTONIO|
|0150|1000032302|MARIA DO CARMO CRONEMBERGER CRUZ MARQUES EPP|1058|01435283000167||194374203|2211001||RUA MARIA JULIA SANTOS|000000||MORROS|
|0150|1000033795|BRUNA KAROLINY FERREIRA AMORIM DE BRITO|1058|19939653000169||195373880|2211001||QUADRA DIRCEU ARCOVERDE-II||- DE 333/334 A 334/3|ITARARE|
|0150|1000033804|FAMA DO BRASIL IND DE MOLAS E AUTO PECAS LTDA|1058|75267096000158||6360106428|4101408||ROD. BR 376 KM 232, S/N SAIDA P/ MARINGA - CAIXA P||000|Pq. INDUSTRIAL ZONA OESTE|
|0150|1000041100|R.A VIAGENS E TURISMO LTDA|1058|13263594000175|||2112209||AV FRANCISCO CARLOS JANSEN||TERMINAL ROD.BOX 11|PARQUE PIAUI|
|0150|1000044105|LUIZ CARLOS F C TRANSPORTES|1058|07869005000102||796535031117|3550308||AV PATOS|1035||GUARULHOS|
|0150|1000044449|VINICIUS TELES DE ALMEIDA|1058|21987983000171||195873610|2201606||R ANTONIO PORTELA SOARES|218||CENTRO|
|0150|1000047960|TRANSP. DE PASSAGEIROS F.CARDOSO LTDA|1058|02213989000147||194399001|2201200||RUA CARVALHO FILHO 110|110||CENTRO|
|0150|1000047962|RANIERI MAZZILLE RAMOS DE MENESES LTDA|1058|07855369000125||194648630|2201960||AV JOAO SIQUEIRA 647|647||ESTACAO|
|0150|1000047964|KLEBERT W.R.C LEITE|1058|07388050000137||195029941|2210656||Rua Major Benedito Macedo|||centro|
|0150|1000048748|J E K PECAS PARA VEICULOS LTDA|1058|30691103000106||196241618|2211001||AVENIDA DEPUTADO PAULO FERRAZ|3113|SALA 03|ITARARE|
|0150|1000054544|C2 TRANSPORTE LOCADORA EIRELES - 00021479|1058|15072752000135|||2211001||AV. DOM SEVERINO|735||FATIMA|
|0150|1000054667|INCOMTEL - IND. E MANUTENCAO DE ELEV. LT - 00006733|1058|29059737000161||196130905|2211001||AVENIDA MIGUEL ROSA||000|MACAUBA|
|0150|1000057270|STRUCS E MONTEIRO COMERCIO E INDUSTRIA DE PECAS EM FERRO E A|1058|23159930000198||417534683110|3526902||ROD ENGENHEIRO JOAO TOSELLO LIMEIRA-MOGI MIRIM|1325||JARDIM NOVA LIMEIRA|
|0150|1000057669|ANISIO CARDOSO DE FREITAS|1058|14865669000150||194962644|2202604||RUA JOAQUIM T|495||CENTRO|
|0150|1000059137|ADEMAR GOMES MACHADO|1058||79300065300||2200400||RUA ABDIAS ROCHA|1285||BACURIZEIRO|
|0150|1000059138|EMILY DE OLIVEIRA SILVA MOREIRA-ME|1058|24707356000128|||2211001||RUA VERIADOR DIONISIO SANTOS    N: 1314|1314|A|TABULETA|
|0150|1000059746|RAPIDO SARON TRANSP E LOG LTDA|1058|29553984000110||796681836118|3518800||RUA SUME|60||CIDADE IND SAT DE SAO PAULO|
|0150|1000064950|MP BRONZE RIO PRETO IND E COM PCS LTDA|1058|16105319000111||647617348117|3549805||RUA DANIEL ANTONIO DE FREITAS|807||D.I. WALDEMAR OL.VER|
|0150|1000064999|J MONTE NETO|1058|19618350000144||195363884|2202026||RUA JOSE ANTONIO  N 54|54||CENTRO|
|0150|1000065000|FRANCISCO ODORICO FILHO|1058|10934120000110||194722619|2211100||RUA 07 DE SETEMBRO||S/N|CRUZEIRO|
|0150|1000065038|EXPRESS SP TRANSPORTES LTDA|1058|05125095000193||336697290114|3518800||Rua Emilio Lang Jr, 38||0|VL A PERELLA|
|0150|1000065072|BARONI TRANSPORTES E LOGISTICA LTDA|1058|17786050000491||647682060110|3549805||AV GERASSINA TAVARES|500|BRCAO: 16;|JARDIM YOLANDA|
|0150|1000066781|CACIQUE PNEUS IND E COM LTDA|1058|11600541002897||194621561|2211001||R GODOFREDO FREIRE|2183|||
|0150|1000067902|TRANSJOTAPE TRANSPORTE E LOGISTICA LTDA - ME|1058|10407802000174||148354160117|3550308||AV FUAD LUTFALA|246||VL MARIA TRINDADE|
|0150|1000069239|R.JAIRO DE MORAES SOUSA FILHO|1058|32418350000169|||2103406||AV.NOSSA SRA.SANTANA  N. 287|287||CENTRO|
|0150|1000069245|FIGUEIREDO TRANSPORTES DE CARGAS E LOGISTICA LTDA|1058|11021998000127||123979617|2112209||R.BOA ESPERANCA|2295||GLORIA|
|0150|1000069983|BEETHOVEN BRANDAO EMPREENDIMENTOS LTDA|1058|01991038001027||196398592|2203909||ROD BR-343|2772||CAJUEIRO II|
|0150|1000069986|E DA SILVA TURISMO ME|1058|24424153000124||195803590|2211100||RUA 7 DE SETEMBRO|720||CENTRO|
|0150|1000070576|F COSTA TRANSPORTES RODOVIARIO EPB|1058|26138577000158|||2211100||ESTM LC AREIAS|||ZONA RURAL|
|0150|1000070588|FRANCISCO DAS CHAGAS MONTEIRO DA SILVA|1058|26389223000186||195904451|2211001||RUA VEREADOR DIONISIO DOS SANTOS   N: 14|1464||TABULETA|
|0150|1000070589|POSTO DE MOLAS R &AMP; R LTDA ME|1058|23425558000114||195681207|2211001||AV PREF. WAAL FERRAZ|11264|BR 316 KM 07|SANTO ANTONIO|
|0150|1000070590|FRANCISCO PAULO FERREIRA DE SOUSA EIRELI|1058|17119217000118|||2211001||PREFEITO WALL FERRAZ|11370|LETRA A;|SANTO ANTONIO|
|0150|1000070591|ANTUNINA DA CUNHA MESQUITA IPACIO|1058|15613906000159||195015363|2211001||RUA VEREADOR DIONISIO DOS SANTOS|3993||TABULELA|
|0150|1000070593|J D DE CARVALHO|1058|63336267000174||194187373|2202604||AV ANTONINO FREIRE S/N||0|CENTRO|
|0150|1000070594|FRANKLIN PIRES RODRIGUES DO CARMO|1058|11400216000160||195144031|2203909||AV INTEGRACAO||SN BR 343|CAJUEIRO II|
|0150|1000070892|KWK COMERCIAL ATACADISTA LTDA|1058|10307003000479||195019261|2200400||ROD BR343|4601||LUGAR FORMOSA|
|0150|1000071579|EXCELENCIA CENTRO AUTOMOTIVO LTDA|1058|23776061000140||196333580|2211001||AVE HOMERO CASTELO BRANCO|2811||ININGA|
|0150|1000079819|THE EMPREEND. IMOBOLIARIOS SPE LTDA|1058|25109013000124|||2211001||RUA HELONEIDA REINALDO|1081||ININGA|
|0150|1000079884|LEANDRO MAURICIO DE ANDRADE|1058|19306923000102|||2205508||RUA 7  DE SETEMBRO|496||CENTRO|
|0150|1000082789|CELSO EVANGELISTA DE LIMA|1058||24121355334||2200400||R.JOSE DA PRATA,232|232||CENTRO|
|0150|1000082790|CEREALISTA R.N.CARVALHO|1058|06725444000170||194059111|2211001||RUA:QUINTINO BOCAIUVA,1324,NORTE|1324||VILA OPERÁRIA.|
|0150|1000082791|A.J DE OLIVEIRA NETO.|1058|69612620000188||194252582|2211001||CJT.RAIMUNDO PORTELA,Q.10 LOTE 01 CASA A||0PRX.COLEGIO SOL|PROMORAR|
|0150|1000082792|VITAL JOSE DE AQUINO NETO|1058||34922741372||2211001||RUA VEREADOR DIONISIO SANTOS, 1365|1365||TABULETA|
|0150|1000082793|LUIZ FERNANDO DA SILVA LAURINDO|1058||04409740385||2205508||ROD PI 113   N.1696|1696||NOSSA SENHORA DO CAR|
|0150|1000082794|FELIPE FABRINY DE MELO DA SILVA ME|1058|22193410000139||124613861|2103000||TV VOLTA REDONDA|2806||VOLTA REDONDA|
|0150|1000082795|ESCAVABEM CONSTRUÇÃO E LOCAÇÃO LTDA|1058|07411001000178||152489460|1501402||ESTRADA DA MARACACUERA KM 05 LOTE 03||LOTE 03|ICOARACI|
|0150|1000082796|MILTON P DOS SANTOS PEÇAS  E SERVIÇO AUTOMOTORES ME|1058|03140972000170||195351002|2211001||RUA QUINZE DE NOVEMBRO  N.5140|5140||LOURIVAL PARENTE|
|0150|1000082797|MARCONE GOMES SOUZA|1058||03599029369||2103307||RUA PARÁ Q A||CASA 2|SÃO RAIMUNDO|
|0150|1000082798|CREUZA NAZARE PINHEIRO|1058|32497231000149||125880367|2111300||RUA UM (ALTO DA VITORIA|4||ANJO DA GUARDA|
|0150|1000082799|SEBASTIÃO PAULINO DOS SANTOS NETO|1058||91242169334||2103000||RUA DA BAIXINHA|483||REFINARIA|
|0150|1000082800|DYONNE KEPLEM SOUZA DIAS|1058||01033277380||2211001||RUA DENTISTA JEREMIAS NETO|3100||PLANALTO URUGUAI|
|0150|1000082801|JEOVÁ FARIAS ALMEIDA|1058||77801768353||2111250||PRACA DO MERCADO|107|ARMAZEM PARAIBA|CENTRO|
|0150|1000082802|CARLOS ANTONIO ALVES DE MELO|1058||01159146330||2201507||AV. MIN. PETRONIO PORTELA|803||SANTANA|
|0150|1000082803|ORLANDO ALVES BARBOSA|1058||18179410382||2211001||RUA CLAUDIO SOARES|1781||ININGA|
|0150|1000082804|EMPRESA DE TRANSPORTES LTDA|1058|01433502000179||194376222|2205557||RUA BOA ESPERANÇA||SN|CENTRO|
|0150|1000082805|KOPPE INDUSTRIA METALURGICA EIRELLI|1058|07515103000133||9082107190|4126256||AV. ADEMAR BORNIA|2591|BARRACAO ANX N2|JARDIM INDEPENDENCIA|
|0150|1000082806|GENESIO BARBOSA SILVA|1058||42758661349||2103307||RUA OSMARINO MEDEIRO|1154||SAO SEBASTIA|
|0150|1000082807|THAYNA ANDRADE DA SILVA|1058|19517521000149||195338790|2203909||RODOVIA BR 343|1838|SALA A|BOM LUGAR|
|0150|1000082808|J C MARTINS DA ROCHA CONSTRUÇÕES EIRELI|1058|19231718000117|||2211001||RUA DALIAS|1138|SALA 07|MORADA DO SOL|
|0150|1000082809|AGROPECUARIA LAVORO LTDA|1058|09614350000112||194659640|2211209||ROD. WALDEMAR BORTOLOZZO PI247 KM 49||S/N|ZONA RURAL|
|0150|1000082810|WELLINTON RODRIGO MENDES GONÇALVES|1058||02275105344||2210805||AV. MIGUEL CRISPIN DE ARAUJO|1156||ALTO DA DA MATRIZ|
|0150|1000082811|PAULO KLEBER SANTOS SOUSA|1058||01681542340||2211100||RUA TRAVESSA DAS PEDRINHAS|290||SÃO FRANCISCO|
|0190|UN|UNIDADE|
|0190|UND|UNIDADE|
|0190|PCA|PECA|
|0190|CT|CT1|
|0190|CX|CX.|
|0200|3375|BUCHA ESTABILIZADORA MB AXOR|||UN|00|||||||
|0220|UND|1,000|
|0200|877|MOLA MESTRE DT MB L-1720/2423/1718K/1720K 98/...|||PCA|00||||||0102000|
|0200|1121|PINO CENTRO 12 X 8 ACO CB|||PCA|00||||||1005800|
|0200|1148|PORCA SEXTAVADA 12MM ROSCA FINA CT/100|7894507036401||CT|00||||||0199900|
|0200|1344|BUCHA SILENCIOSA MOLA TRAS. F-100/F-1000|||PCA|00||||||0107500|
|0220|UND|1,000|
|0200|1345|BUCHA ESTABILIZADOR TRAS VW 7.100/8.140/9.150|||PCA|00||||||0107500|
|0220|UND|1,000|
|0200|1346|BUCHA FEIXE MOLA TR TOYOTA (HILUX)|||PCA|00||||||0107500|
|0220|UND|1,000|
|0200|1351|BUCHA DA MOLA MB ACCELO|||UND|00||||||0107500|
|0200|1373|BUCHA FEIXE MOLA DIANT/TRAS VW 6.90/13130|||UND|00||||||0107500|
|0200|1381|BALANCA DA CARRETA RAND SOL 60 MM|||PCA|00||||||0107700|
|0200|1631|BATENTE FXE MOLA TRAS MB ACELLO 915|||PCA|00||||||0107500|
|0200|1636|BUCHA BARRA REACAO MB ONIBUS 400/OH1421/1621|||UND|00||||||0107500|
|0200|1649|PINO SUPORTE DIANT MB ATEGO C/PORCA MED:140MM|||UND|00||||||1005800|
|0200|1650|PINO JUMELO C/ PORCA MB ATEGO 3278 MED:160MM|||UND|00||||||1005800|
|0200|1658|SUPORTE DA BASE INF DO SUPENSOR 3 FUROS|||PCA|00||||||0107500|
|0200|1660|BATENTE FEIXE MOLA TRAS VL N10/12/NL10/12|||UND|00||||||0107500|
|0200|1709|BUCHA JUMELO FEIXE MOLA WILLYS(FURO 1/2)|||UND|00||||||0107500|
|0200|1717|BATENTE FEIXE MOLA DIANT FORD CARGO/VW 13150|||PCA|00||||||0107500|
|0200|1747|BUCHA CONICA DO MANCAL CENTRAL VOLVO/FH/FM/VM|||UND|00||||||0107500|
|0200|1759|HASTE  V  CENTRAL VOLVO FH/NH SUSPENSAO TRAS|||UND|00||||||0107500|
|0200|2141|MOLA MESTRE DT VW 8.140/8.150/9.150/MICRO ONIBUS|SEM GTIN||PCA|00||||||0102000|
|0200|2263|CUICA FREIO AR 24 X 30 HASTE LONGA 120MM|||UND|00||||||0107500|
|0200|2481|REPARO BRACO TIRANTE SCANIA L-113CL/K-113ZL|||PCA|00||||||0107500|
|0200|2486|BUCHA FEIXE MOLA TR/DT OU DT MB 709/912/914|||PCA|00||||||0107500|
|0200|2489|BUCHA FEIXE MOLA DIANT MB ATEGO|||PCA|00||||||0107500|
|0200|2496|BUCHA FEIXE MOLA TR TOYOTA HILUX|||UND|00||||||0107500|
|0200|2502|BUCHA FEIXE MOLA TR/TR  DT MB 709/912/914|||UND|00||||||0107500|
|0200|2506|BUCHA SUPORTE FEIXE MOLA DIANT MB 710/712|||UND|00||||||0107500|
|0200|2518|BUCHA TIRANTE CARRETA/RANDON CONICA|||PCA|00||||||0107500|
|0220|UND|1,000|
|0200|2563|HASTE  V  CENTRAL VW 24220/24250 TRAS|||PCA|00||||||0107500|
|0220|UND|1,000|
|0200|2645|MOLA PARACHOQUE TR 3,0 X 27 X 500|||UND|00||||||0102000|
|0200|2676|TUBO INOX FLEXIVEL VW CONTELLATION 3,5X50MM|||PCA|00||||||0107500|
|0200|2738|BUCHA BRONZE FX MOLA DT MB 1113/1313/1620/1721|||UND|00||||||0107500|
|0200|2739|BUCHA BRONZE FX MOLA DT VW 24.250/FORD 2422|||UND|00||||||0107500|
|0200|2758|BUCHA FEIXE MOLA DIANT VW 11130/14210/FORD CARGO|||PCA|00||||||0107500|
|0200|2768|PINO EXCENTRICO SISP PNEUMATICA FACCHINI|||PCA|00||||||0107700|
|0200|2772|SEPARADOR DE MOLAS TRAS S-10|||PCA|00||||||0107500|
|0200|3070|GRAMPO 5/8 X 82 X 460 -BNC|||UND|00||||||1005800|
|0200|3607|BUCHA FEIXE MOLA TRAS VW 8140/13180/15180|||UND|00||||||0107500|
|0200|1490|SUPORTE DA MOLA TR/DT MB 1114/1517/1318|||UND|00|||87|||0107500|
|0200|2116|9. MOLA ESTIRANTE TR VW 16170/16220/24220/24250 9.|||PCA|00|||73|||0102000|
|0200|3242|SUPORTE DA MOLA TR/TR MB 1114/1517/1318|||PCA|00|||87|||0107500|
|0200|3257|CALCO P/ LEVANTAR MOLEJO 40X80X180MM TRUCK|||PCA|00|||87|||0107500|
|0200|1314|RETENTOR DA RODA DT VW 6.80/7.110/8.120/8.150|7891252001883||PCA|00|||40|||0100700|
|0200|1316|RETENTOR RODA DT F14000/VW/FORD CARGO/VM|7891252024844||PCA|00|||40|||0100700|
|0200|1319|RETENTOR  RODA TR VW 14140/16210 VW/MB|7891252027135||PCA|00|||40|||0100700|
|0200|3318|BALANCA CARRETAS SR RANDON LUBFREE MOD 5/16|7899994907760||UND|00|||87|||0107500|
|0200|2400|RETENTOR RODA TR MB 709/10/912|||PCA|00|||40|||0100700|
|0200|3441|Bucha Jumelo Diat./Diant. e Diant./Tras.|||UND|00|||87|||0107500|
|0200|3442|Bucha Mola Traseira parte Traseira Renaut Master|||UND|00|||87|||0107500|
|0200|3451|BUCHA BARRA ESTABILIZADORA Volkswagen L 80 /6.90|||UND|00|||87|||0107500|
|0200|3452|BUCHA DA CABINE Mercedes-Benz 1218 / 1418 / 1618|||UND|00|||87|||0107500|
|0200|3458|BUCHA DA MOLA MB ACCELO|||UND|00|||87|||0107500|
|0200|1667|HASTE REACAO V VOLVO VM 310 TRACADO|||UND|00|||87|||0107500|
|0200|1670|REPARO CENTRO DO  V MB AXOR 2825/2831/3340/4140|||UND|00|||87|||0107500|
|0200|1708|BUCHA ESTABI LATERAL MB 912/914 SILENCIOSA|||UND|00|||87|||0107500|
|0200|2468|MOLA S/F TRUCK/CARR 3.1/2X3/8X1350|||PCA|00|||73|||0102000|
|0200|3512|Suporte Dianteiro Truck Suspensys DT|||PCA|00|||87|||1007500|
|0200|3557|MOLA MESTRE DT MB 1313/1418/L/LA/LK/LS 70/...B.ACO|||PCA|00|||73|||0102000|
|0200|1737|BUCHA INFERIOR DO JUMELO HR|||UND|00|||87|||0107500|
|0200|1741|BATENTE SUSPENSAO DIANT VW 7100/8150/CONSTELLATION|||UND|00|||87|||0107500|
|0200|3588|BUCHA NYLON FURO 18MM MB 709/710/712/913...|||UND|00|||87|||0107500|
|0200|3638|SUPORTE CENTRAL DIR./ESQ. TRUCK RODOVIÁRIA|7899994904196||PCA|00|||87|||0107500|
|0200|3676|MOLA S/F TRUCK/CARR 3.1/2X3/8X1.30 C/ FURO|||PCA|00|||73|||0102000|
|0200|3683|SUPORTE DT TRUCK SUSPENSYS LADO ESQUERDO|||PCA|00|||87|||1007500|
|0200|3684|DESLIZANTE SUPORTE TRASEIRO MB ATEGO 3030|||PCA|00|||87|||0107700|
|0200|3685|SUPORTE CENTRAL TRUCK MB ATEGO|||PCA|00|||87|||0107500|
|0200|3686|SUPORTE MOLA TRASEIRA P/TRASEIRA F. CARGO 1119|||PCA|00|||87|||0107500|
|0200|3687|SUPORTE MOLA TRASEIRA P/DIANTEIRA F. CARGO 1119|||PCA|00|||87|||0107500|
|0200|3688|SUPORTE DA MOLA DIANTEIRA PART. DIANTEIRA (LE)|||PCA|00|||87|||0107500|
|0200|3689|SUPORTE DA MOLA DIANTEIRA PART. DIANTEIRA (LD)|||PCA|00|||87|||0107500|
|0200|3690|COXIM MOTOR TR MB ATEGO 1725/2423/25/1620 6X2|7899143604250||PCA|00|||87|||0107500|
|0200|3691|COXIM DT MOTOR MB 1620 R/16MM ELET.|7899143601150||PCA|00|||87|||0107500|
|0200|3692|BUCHA DA BARRA ESTABILIZADORA TR MB 1724 ÈNIBUS|||PCA|00|||87|||0107700|
|0200|3693|BATENTE FEIXE MOLA DIANT MB ATEGO|||PCA|00|||40|||0100700|
|0200|3694|ASSENTO MOLA SUPERIOR MB SPRINTER|7899143602959||PCA|00|||87|||0100700|
|0200|3695|BATENTE MOLA DT MB SPRINTER|7898215787099||PCA|00|||40|||0100700|
|0200|3696|PROTETOR PONTA MOLA SPRINTER|||PCA|00|||40|||0100700|
|0200|3697|COXIM MOTOR TRAS IVECO 70C16 L/ VOLANTE|7899143609781||PCA|00|||87|||0107500|
|0200|3698|BUCHA FEIXE MOLA TRAS TOYOTA MOD. GRANDE|7898215794837||PCA|00|||40|||0100700|
|0200|3699|BUCHA FEIXE MOLA DIANT TOYOTA MOD. PEQ. BORRACHA|7898215794820||PCA|00|||40|||0100700|
|0200|3706|RETENTOR  RODA DIANT. MB 608/708/709|7891252018287||PCA|00|||40|||0100700|
|0200|3707|RETENTOR  RODA TRAS. MB 1919/1513/2|7891252073361||PCA|00|||40|||0100700|
|0200|3708|RETENTOR  CUBO DE RODA DIANTEIRA|7891252036823||PCA|00|||40|||0100700|
|0200|3709|FC MAXPRIN 240MMX140MM 3 V RAZ 2000JG BRC 3079*|7897975038960||CX|00|||48|||1902300|
|0200|3710|FITA EPSON S015631 IMP LX-350/LX-300 PRETO|010343902053||UND|00|||96|||0109000|
|0200|3711|BUCHA ALGEMA MOLA DIANT. PARTE TRAS. MB|||UND|00|||87|||0107500|
|0200|3712|BUCHA TRAS. SUSP. DIANT. FORD F-250/F-350/F-4000|||UND|00|||87|||0107500|
|0200|3713|BUCHA SUSP. TRASEIRA FORD F-250/F-350/F-4000|||UND|00|||87|||0107500|
|0200|1387|SUPORTE MOLA TR TRUCK ESTAM. MB MOLA 82M LD/DIR|7899994914959||PCA|00|||87|||0107500|
|0200|3714|CUICA FREIO 30 X 30 HASTE LONGA 310MM (SAIDA 16MM)|||PCA|00|||87|||0107500|
|0200|3262|SUPORTE MOLA TRAS. PART. TRAS. SUSPENSYS|||PCA|00|||87|||0107500|
|0200|3715|CATRACA AUT. DIANT. LE/ TRAS. LD 24 ESTRIAS|||PCA|00|||87|||0107500|
|0200|3716|CATRACA AUT. DIANT. LD/ TRAS. LE 24 ESTRIAS|||PCA|00|||87|||0107500|
|0200|3717|TUBO FLEXIVEL ESCAPE MB 1620/1622 3,5 X 270MM INOX|||PCA|00|||83|||0107500|
|0200|3718|BUCHA ESTABILIZADOR TRAS IVECO DAILY 60.13/70C16|||UND|00|||87|||0107500|
|0200|3719|BUCHA BARRA ESTABILIZADORA IVECO 60.13/70C16|||UND|00|||87|||0107500|
|0200|3720|BUCHA BARRA ESTABILIZADORA IVECO DAILY 4912/SCUDAT|||UND|00|||87|||0107500|
|0200|3721|BUCHA TIRANTE CARRETA/GUERRA C/PINO|||UND|00|||87|||0107500|
|0200|3722|BUCHA TIRANTE CARRETA/RANDON CONICA|||UND|00|||87|||0107500|
|0200|3723|BUCHA FEIXE MOLA TR/TR  DT MB 709/912/914|||UND|00|||87|||0107500|
|0200|3724|BUCHA FEIXE MOLA TRAS D20/D40 NOVA SILENCIOSA|||UND|00|||87|||0107500|
|0200|3725|BUCHA FEIXE MOLA DT/TR VW 6.90/7.90 SILENCIOSA|||UND|00|||87|||0107500|
|0200|3726|BUCHA FEIXE MOLA TR L-200 SPORT/OUTDOR|||UND|00|||87|||0107500|
|0200|3727|PINO TIRANTE MB 2217/2220/2335|||UND|00|||87|||0107500|
|0200|3728|REPARO BRACO TIRANTE SCANIA L-113CL/K-113ZL|||UND|00|||87|||0107500|
|0200|3729|BUCHA TIRANTE VW/FORD CARGO MODERNO|||UND|00|||87|||0107500|
|0200|3730|BUCHA FX MOLA TR IVECO (UNIT)|||UND|00|||87|||0107500|
|0200|3731|MOLA FOP 60-1P - DIANT CARGO 4331 CAV. MEC.|||UND|00|||73|||0102000|
|0200|3732|MOLA SCP 20-2P - DIANT P-94DB, R124GA/GB/LA - 99/0|||UND|00|||73|||0102000|
|0200|3733|MOLA VW 400-1 - TRAS M. ONIBUS 8.140 A 9.150|||UND|00|||73|||0102000|
|0200|3734|MOLA VW 160-2R - DIANT 16.170 E 16.220 - 1995|||UND|00|||73|||0102000|
|0200|3735|MOLA MB 480-4 - TRAS 914, 912, 814, 710, 712 C|||UND|00|||73|||0102000|
|0200|3736|MOLA MB 360-5 - DIANT L-1513, 1313, 2213, LPO 70/8|||UND|00|||73|||0102000|
|0200|3738|BUCHA LATERAL ESTAB. DT/TR SCANIA/114/124/ONIBUS|||UND|00|||87|||0107500|
|0200|3739|BUCHA BARRA AESTABILIZADORA MB ACTROS|||UND|00|||87|||0107500|
|0200|3740|BUCHA TIRANTE SUSPENSAO CARRETA NOMA 2012|||UND|00|||87|||0107500|
|0200|3741|PINO TIRANTE TRUCK CARRETA/IDEROL 1 - 14 FPP|||UND|00|||87|||0107500|
|0200|3742|MOLA RETORNO PATIM FREIO RANDON 210MM MODERNA|||UND|00|||73|||0102000|
|0200|3743|MOLA PARA CHOQUE 480MM|||UND|00|||73|||0102000|
|0200|3744|MOLA AUXILIAR PATIM FREIO CARRETA BENDIX 132MM SIR|||UND|00|||73|||0102000|
|0200|3745|MOLA RETORNO DUPLA PATIM FREIO BENDIX/MASTER 210MM|||UND|00|||73|||0102000|
|0200|3746|MOLA PATIM FREIO A AR DIANT./TRAS. MB 245MM|||UND|00|||73|||0102000|
|0200|3747|MOLA PATIM FREIO DIANT./TRAS. FORD/CHEV/VOLK 156MM|||UND|00|||73|||0102000|
|0200|2317|BOMBA D AGUA MB ACCELO 915C/ATEGO|||PCA|00|||84|||0103200|
|0200|2519|BUCHA FEIXE MOLA TR/DT DUCATO BORRACHA|||PCA|00|||87|||0107500|
|0450|182|PLACA:|
|0450|213|PLACA:|
|0450|214|Sequência: 1392|
|0450|349|SEG: 553|
|0450|428|Sequência: 1631|
|0450|433|Sequência: 654|
|0450|436|Referente a NFCe:   e Chave: . Referente a NFe:   e Chave: .|
|0450|528|Sequência: 1739|
|0450|565|Sequência: 3041|
|0450|570|Sequência: 800|
|0450|756|* ALIQUOTA ZERO DE PIS/COFINS CONF. LEI 10.865/04 ART.36 - PARAGRAFO:2 - INCISO II;* Mercadoria Frete CIF - Frete incluido no preco da Mercadoria. Laminacao Vale Jaguaribe Ltda;FAMA DISTRIBUIDORA;*Ref. Pedido(s): 055009; * Em atendimento a Lei 12.741|
|0450|761|Sequência: 1016|
|0450|857|Sequência: 1127|
|0450|931|Sequência: 2174|
|0450|1090|Sequência: 2348|
|0450|1145|Sequência: 2411|
|0450|1147|Sequência: 2413|
|0990|317|
|B001|1|
|B990|2|
|C001|0|
|C100|0|1|791169|55|00|002|000204880|35191245967890000143550020002048801414610341|19122019|03012020|6875,84|1|||6875,84|9||||0|0||||||||
|C110|182|PEDIDO REPRESENTANTE Nro: 94-000131 REGIME ESPECIAL No 235/2018 PARECER UNATRI/SEFAZ No 644/2018.|
|C170|1|3690||6,00000|PCA|1902,18||0|060|2403|||||0||0|||||||||||||||||||||
|C170|2|3691||6,00000|PCA|2069,79||0|060|2403|||||0||0|||||||||||||||||||||
|C170|3|3692||12,00000|PCA|1420,20||0|060|2403|||||0||0|||||||||||||||||||||
|C170|4|3693||20,00000|PCA|175,21||0|060|2403|||||0||0|||||||||||||||||||||
|C170|5|3694||24,00000|PCA|224,03||0|060|2403|||||0||0|||||||||||||||||||||
|C170|6|3695||30,00000|PCA|470,94||0|060|2403|||||0||0|||||||||||||||||||||
|C170|7|3696||10,00000|PCA|46,96||0|060|2403|||||0||0|||||||||||||||||||||
|C170|8|3697||4,00000|PCA|373,11||0|060|2403|||||0||0|||||||||||||||||||||
|C170|9|3698||40,00000|PCA|103,72||0|060|2403|||||0||0|||||||||||||||||||||
|C170|10|3699||40,00000|PCA|89,70||0|060|2403|||||0||0|||||||||||||||||||||
|C190|060|2403||6875,84|0|0|0|0|0|0||
|C100|0|1|1000057270|55|00|001|000004987|35191223159930000198550010000049871140292192|19122019|06012020|10042,70|1|||10042,70|0||||0|0||||||||
|C110|213|PORTARIA SUPREC N 252/2018 - REGIME ESPECIAL N 235/2018distribuidoracasadasmolas@gmail.com|
|C170|1|3512||4,00000|PCA|1029,00||0|060|2403|||||0||0|||||||||||||||||||||
|C170|2|3683||4,00000|PCA|1029,00||0|060|2403|||||0||0|||||||||||||||||||||
|C170|3|1490||12,00000|UND|1058,40||0|060|2403|||||0||0|||||||||||||||||||||
|C170|4|3242||12,00000|PCA|730,80||0|060|2403|||||0||0|||||||||||||||||||||
|C170|5|3262||8,00000|PCA|1418,34||0|060|2403|||||0||0|||||||||||||||||||||
|C170|6|3684||10,00000|PCA|383,67||0|060|2403|||||0||0|||||||||||||||||||||
|C170|7|3685||4,00000|PCA|1638,00||0|060|2403|||||0||0|||||||||||||||||||||
|C170|8|3686||6,00000|PCA|456,50||0|060|2403|||||0||0|||||||||||||||||||||
|C170|9|3687||6,00000|PCA|932,78||0|060|2403|||||0||0|||||||||||||||||||||
|C170|10|3688||2,00000|PCA|399,29||0|060|2403|||||0||0|||||||||||||||||||||
|C170|11|3689||2,00000|PCA|399,29||0|060|2403|||||0||0|||||||||||||||||||||
|C170|12|3257||30,00000|PCA|567,63||0|060|2403|||||0||0|||||||||||||||||||||
|C190|060|2403||10042,70|0|0|0|0|0|0||
|C100|0|1|1000033804|55|00|001|000084861|41191275267096000158550010000848611164701844|17122019|06012020|5954,94|1|||5954,94|0||||0|0||||||||
|C110|214|NAO COBRANCA DE ICMS-ST CF REGIME ESPECIAL CF PORTARIA UNATRI 644/2018 FRETE PAGO ATE SAO PAULO, REDESPACHO POR CONTA DO DESTINATARIO REDESPACHO: TRL TRANSPORTES RIO LESTE LTDA (REAL) - End.: AV. PATOS, 1.349 - CUMBICA-GUARULHOS - Fone: 11 2411-2002 C|
|C170|1|2468||40,00000|PCA|2658,66||0|060|2403|||||0||0|||||||||||||||||||||
|C170|2|3676||50,00000|PCA|3296,28||0|060|2403|||||0||0|||||||||||||||||||||
|C190|060|2403||5954,94|0|0|0|0|0|0||
|C100|1|0||55|02|001|000004743|22200122030835000127550010000047431514470387|||||||||||||||||||||
|C100|1|0||55|02|001|000004765|22200122030835000127550010000047651340865893|||||||||||||||||||||
|C100|1|0||55|02|001|000004784|22200122030835000127550010000047841752009701|||||||||||||||||||||
|C100|0|1|100002099|55|00|001|000105449|22200106862627000138550010001054491201054497|06012020|06012020|230,40|0|57,60||288,00|9||||0|0||||||||
|C110|349|Referente a NFCe:   e Chave: . Referente a NFe:  4688 e Chave: 22200122030835000127550010000046881683082771. Documento Referenciado - Modelo 55 - Número 4688|
|C113|1|0|100002099|55|1|0|000004688|03012020|22200122030835000127550010000046881683082771|
|C170|1|3070||12,00000|UND|288,00|57,60|0|060|1411|||||0||0|||||||||||||||||||||
|C190|060|1411||230,40|0|0|0|0|0|0||
|C100|0|1|1714|55|00|001|000046132|22200101674104000144550010000461321001643199|09012020|09012020|183,98|0|45,99||229,97|9||||0|0||||||||
|C110|428|Referente a NFCe:   e Chave: . Referente a NFe:  4732 e Chave: 22200122030835000127550010000047321751203770. Documento Referenciado - Modelo 55 - Número 4732|
|C113|1|0|1714|55|1|0|000004732|04012020|22200122030835000127550010000047321751203770|
|C170|1|2116||1,00000|PCA|179,00|35,80|0|060|1411|||||0||0|||||||||||||||||||||
|C170|2|1148||1,00000|CT|43,47|8,69|0|060|1411|||||0||0|||||||||||||||||||||
|C170|3|1121||1,00000|PCA|7,50|1,50|0|060|1411|||||0||0|||||||||||||||||||||
|C190|060|1411||183,98|0|0|0|0|0|0||
|C100|0|1|1000027260|55|00|001|000019026|42191224626523000106550010000190261013283098|16122019|09012020|6600,51|1|||6600,51|0||||0|0||||||||
|C110|433|PED.: 40030 REP.: 57-ANTONIO JOSE BORGES CNPJ: 07.396.015/0001-60 REDESPACHO: (FOB) TRL TRANSPORTE RIO LESTE LTDA - ME-AVENIDA PATOS 1349-CUMBICA-07222010-GUARULHOS-SP Fone: 11 / CNPJ: 10655525000119 IE: 336574890115;;SEM INCIDENCIA DE ICMS SUB. TRIBU|
|C170|1|1381||12,00000|PCA|1380,33||0|060|2403|||||0||0|||||||||||||||||||||
|C170|2|3375||10,00000|UND|1777,02||0|060|2403|||||0||0|||||||||||||||||||||
|C170|3|3318||10,00000|UND|1748,36||0|060|2403|||||0||0|||||||||||||||||||||
|C170|4|1387||10,00000|PCA|896,80||0|060|2403|||||0||0|||||||||||||||||||||
|C170|5|3638||4,00000|PCA|798,00||0|060|2403|||||0||0|||||||||||||||||||||
|C190|060|2403||6600,51|0|0|0|0|0|0||
|C100|0|1|1000064950|55|00|000|000001964|35191216105319000111550000000019641956571984|19122019|09012020|5352,00|1|||5352,00|0||||0|0||||||||
|C110|436|Redespacho: POR CONTA DO DESTINATARIO - TRL TRANSPORTE RIO LESTE LTDA Fone: (11) 6535-6028 CNPJ/CPF: 10.655.525/0001-19 I.E.: 336574890115;Endereco: AV PATOS 1035 1349 Cidade: GUARULHOS/SP;N PEDIDO:|
|C170|1|2738||300,00000|UND|1590,00||0|060|2403|||||0||0|||||||||||||||||||||
|C170|2|2739||360,00000|UND|3762,00||0|060|2403|||||0||0|||||||||||||||||||||
|C190|060|2403||5352,00|0|0|0|0|0|0||
|C100|0|1|1000028996|55|00|001|000134581|52200161123543000352550010001345811792119997|09012020|13012020|3104,40|1|||3104,40|9||||0|0||||||||
|C110|528|ICMS conforme resolucao Federal 13/2012;;Pedido:U0090003 Cod.Vend.: 571,1;;PARCELAS/BOLETOS :/001-134581-AB/002-134581-BB/003-134581-CB|
|C170|1|3706||10,00000|PCA|170,10||0|060|2403|||||0||0|||||||||||||||||||||
|C170|2|2400||15,00000|PCA|194,70||0|060|2403|||||0||0|||||||||||||||||||||
|C170|3|1316||60,00000|PCA|895,20||0|060|2403|||||0||0|||||||||||||||||||||
|C170|4|1319||60,00000|PCA|1216,20||0|060|2403|||||0||0|||||||||||||||||||||
|C170|5|3707||20,00000|PCA|260,40||0|060|2403|||||0||0|||||||||||||||||||||
|C170|6|1314||20,00000|PCA|106,60||0|060|2403|||||0||0|||||||||||||||||||||
|C170|7|3708||10,00000|PCA|261,20||0|060|2403|||||0||0|||||||||||||||||||||
|C190|060|2403||3104,40|0|0|0|0|0|0||
|C100|1|0||55|02|001|000004876|22200122030835000127550010000048761261148845|||||||||||||||||||||
|C100|0|1|569|55|00|001|000014982|22200106079674000100550010000149821798550456|08012020|08012020|203,20|0|||203,20|9||||0|0||||||||
|C110|565|&  &SEQUENCIA:7758^NOME DO VENDEDOR: LARIZA DOS SANTOS LIRA^, . - ^DOCUMENTO EMITIDO POR ME OU EPP OPTANTE PELO SIMPLES NACIONAL; NAO GERA DIREITO A CREDITO FISCAL DE IPI^|
|C170|1|3709||1,00000|CX|203,20||0|090|1556|||||0||0|||||||||||||||||||||
|C190|090|1556||203,20|0|0|0|0|0|0||
|C100|0|1|332|55|00|001|000230773|22200112173530000110550010002307731879073432|08012020|08012020|33,80|0|||33,80|9||||0|0||||||||
|C110|570|&  &SEQ:124651^VENDEDOR(A)LARIZA DOS SANTOS LIRA^, . -|
|C170|1|3710||2,00000|UND|33,80||0|090|1556|||||0||0|||||||||||||||||||||
|C190|090|1556||33,80|0|0|0|0|0|0||
|C100|1|0||55|02|001|000004884|22200122030835000127550010000048841255350826|||||||||||||||||||||
|C100|1|0||55|02|001|000004917|22200122030835000127550010000049171798550454|||||||||||||||||||||
|C100|0|1|90012656|55|00|001|000023599|23200110429917000160550010000235991111215090|15012020|17012020|5678,98|1|||5678,98|9||||0|0||||||||
|C110|756|* ALIQUOTA ZERO DE PIS/COFINS CONF. LEI 10.865/04 ART.36 - PARAGRAFO:2 - INCISO II;* Mercadoria Frete CIF - Frete incluido no preco da Mercadoria. Laminacao Vale Jaguaribe Ltda;FAMA DISTRIBUIDORA;*Ref. Pedido(s): 055009; * Em atendimento a Lei 12.741|
|C170|1|3557||4,00000|PCA|393,18||0|060|2403|||||0||0|||||||||||||||||||||
|C170|2|3731||6,00000|UND|2366,94||0|060|2403|||||0||0|||||||||||||||||||||
|C170|3|3732||1,00000|UND|459,56||0|060|2403|||||0||0|||||||||||||||||||||
|C170|4|3733||8,00000|UND|632,20||0|060|2403|||||0||0|||||||||||||||||||||
|C170|5|3734||6,00000|UND|639,96||0|060|2403|||||0||0|||||||||||||||||||||
|C170|6|3735||8,00000|UND|658,72||0|060|2403|||||0||0|||||||||||||||||||||
|C170|7|3736||8,00000|UND|528,42||0|060|2403|||||0||0|||||||||||||||||||||
|C190|060|2403||5678,98|0|0|0|0|0|0||
|C100|0|1|90012656|55|00|001|000023616|23200110429917000160550010000236161220356940|15012020|17012020|3433,74|1|||3433,74|9||||0|0||||||||
|C110|761|* ALIQUOTA ZERO DE PIS/COFINS CONF. LEI 10.865/04 ART.36 - PARAGRAFO:2 - INCISO II;* Mercadoria Frete CIF - Frete incluido no preco da Mercadoria. Laminacao Vale Jaguaribe Ltda;FAMA DISTRIBUIDORA;*Ref. Pedido(s): 055078; * Em atendimento a Lei 12.741|
|C170|1|2141||10,00000|PCA|1461,30||0|060|2403|||||0||0|||||||||||||||||||||
|C170|2|3731||5,00000|UND|1972,44||0|060|2403|||||0||0|||||||||||||||||||||
|C190|060|2403||3433,74|0|0|0|0|0|0||
|C100|1|0||55|02|001|000005019|22200122030835000127550010000050191216298218|||||||||||||||||||||
|C100|1|0||55|02|001|000005047|22200122030835000127550010000050471094226581|||||||||||||||||||||
|C100|0|1|1000070594|55|00|001|000000176|22200111400216000160550010000001761270100323|06012020|06012020|256,50|0|85,50||342,00|9||||0|0||||||||
|C110|857|Referente a NFCe:   e Chave: . Referente a NFe:  4150 e Chave: 22191222030835000127550010000041501192221917. Documento Referenciado - Modelo 55 - Número 4150|
|C113|1|0|1000070594|55|1|0|000004150|07122019|22191222030835000127550010000041501192221917|
|C170|1|877||1,00000|PCA|342,00|85,50|0|060|1411|||||0||0|||||||||||||||||||||
|C190|060|1411||256,50|0|0|0|0|0|0||
|C100|0|1|1000027186|55|00|001|000008938|35200101694376000106550010000089381000012158|14012020|23012020|8714,64|1|||8714,64|0||||0|0||||||||
|C110|931|Pedido: 7521|
|C170|1|2506||100,00000|UND|324,00||0|060|2403|||||0||0|||||||||||||||||||||
|C170|2|2496||150,00000|UND|210,00||0|060|2403|||||0||0|||||||||||||||||||||
|C170|3|3588||80,00000|UND|80,00||0|060|2403|||||0||0|||||||||||||||||||||
|C170|4|3452||6,00000|UND|14,64||0|060|2403|||||0||0|||||||||||||||||||||
|C170|5|1373||100,00000|UND|550,00||0|060|2403|||||0||0|||||||||||||||||||||
|C170|6|2518||100,00000|UND|260,00||0|060|2403|||||0||0|||||||||||||||||||||
|C170|7|1344||120,00000|UND|444,00||0|060|2403|||||0||0|||||||||||||||||||||
|C170|8|3711||200,00000|UND|1100,00||0|060|2403|||||0||0|||||||||||||||||||||
|C170|9|2502||100,00000|UND|550,00||0|060|2403|||||0||0|||||||||||||||||||||
|C170|10|1345||70,00000|UND|350,00||0|060|2403|||||0||0|||||||||||||||||||||
|C170|11|3451||70,00000|UND|140,00||0|060|2403|||||0||0|||||||||||||||||||||
|C170|12|3712||20,00000|UND|170,00||0|060|2403|||||0||0|||||||||||||||||||||
|C170|13|3713||60,00000|UND|510,00||0|060|2403|||||0||0|||||||||||||||||||||
|C170|14|1346||50,00000|UND|340,00||0|060|2403|||||0||0|||||||||||||||||||||
|C170|15|2563||6,00000|UND|2700,00||0|060|2403|||||0||0|||||||||||||||||||||
|C170|16|3458||50,00000|UND|972,00||0|060|2403|||||0||0|||||||||||||||||||||
|C190|060|2403||8714,64|0|0|0|0|0|0||
|C100|1|0||55|02|001|000005181|22200122030835000127550010000051811383220474|||||||||||||||||||||
|C100|1|0||55|02|001|000005195|22200122030835000127550010000051951365826400|||||||||||||||||||||
|C100|0|1|1000005204|55|00|001|000056482|41200109424422000169550010000564821016508528|16012020|27012020|6460,80|1|||6460,80|0||||0|0||||||||
|C110|1090|Representante: FAUSTO LIMA REPRESENTACOES DE PECAS AUTOMOTIVAS LTDA PORTARIA SUPREC 252/2018 - VAL:01/01/2019 A 31/01/2020 A.J. FUCHS TRANSPORTES LTDA, RUA: RUA ARY CLAUDINO ZIEMER, NUMERO: 233, COMPLEME NTO: , UF: PR, MUNICIPIO :CURITIBA, BAIRRO: PIN|
|C170|1|3714||16,00000|PCA|1629,77||0|060|2403|||||0||0|||||||||||||||||||||
|C170|2|2263||10,00000|UND|1424,59||0|060|2403|||||0||0|||||||||||||||||||||
|C170|3|3715||8,00000|PCA|1273,93||0|060|2403|||||0||0|||||||||||||||||||||
|C170|4|3716||8,00000|PCA|1273,93||0|060|2403|||||0||0|||||||||||||||||||||
|C170|5|2317||1,00000|PCA|342,97||0|060|2403|||||0||0|||||||||||||||||||||
|C170|6|2676||4,00000|PCA|422,94||0|060|2403|||||0||0|||||||||||||||||||||
|C170|7|3717||3,00000|PCA|92,67||0|060|2403|||||0||0|||||||||||||||||||||
|C190|060|2403||6460,80|0|0|0|0|0|0||
|C100|1|0||55|02|001|000005221|22200122030835000127550010000052211856687266|||||||||||||||||||||
|C100|0|1|791162|55|00|001|000120036|41200100669977000104550010001200361001427701|17012020|29012020|43051,16|1|||43051,16|0||||0|0||||||||
|C110|1145|RESUMO POR ALIQ. ICMS B Calc. 7% : 39.856,35 B Calc. 4% : 1.092,69 CLASSIF. FISCAIS: 1: 87089990 2: 87169090 50: 73181500 TRANSP. REDESP.: TRL TRANSPORTE RIO LESTE LTDA - ME - (11) 2411-2002, FRETE POR CONTA: DESTINATARIO AVENIDA PATOS, 1349 CEP: 0722|
|C170|1|1709||300,00000|UND|315,01||0|060|2403|||||0||0|||||||||||||||||||||
|C170|2|1741||50,00000|UND|495,60||0|060|2403|||||0||0|||||||||||||||||||||
|C170|3|3718||24,00000|UND|107,24||0|060|2403|||||0||0|||||||||||||||||||||
|C170|4|3719||36,00000|UND|160,85||0|060|2403|||||0||0|||||||||||||||||||||
|C170|5|1737||60,00000|UND|194,67||0|060|2403|||||0||0|||||||||||||||||||||
|C170|6|3720||36,00000|UND|318,63||0|060|2403|||||0||0|||||||||||||||||||||
|C170|7|2772||72,00000|PCA|220,00||0|060|2403|||||0||0|||||||||||||||||||||
|C170|8|3721||208,00000|UND|3472,96||0|060|2403|||||0||0|||||||||||||||||||||
|C170|9|3722||100,00000|UND|283,51||0|060|2403|||||0||0|||||||||||||||||||||
|C170|10|2486||216,00000|PCA|1247,36||0|060|2403|||||0||0|||||||||||||||||||||
|C170|11|3723||120,00000|UND|867,90||0|060|2403|||||0||0|||||||||||||||||||||
|C170|12|2758||100,00000|PCA|971,43||0|060|2403|||||0||0|||||||||||||||||||||
|C170|13|3724||40,00000|UND|367,75||0|060|2403|||||0||0|||||||||||||||||||||
|C170|14|3607||200,00000|UND|2131,25||0|060|2403|||||0||0|||||||||||||||||||||
|C170|15|3725||210,00000|UND|1444,08||0|060|2403|||||0||0|||||||||||||||||||||
|C170|16|1708||60,00000|UND|153,11||0|060|2403|||||0||0|||||||||||||||||||||
|C170|17|3726||60,00000|UND|441,05||0|060|2403|||||0||0|||||||||||||||||||||
|C170|18|1636||54,00000|UND|1532,38||0|060|2403|||||0||0|||||||||||||||||||||
|C170|19|3727||18,00000|UND|1039,62||0|060|2403|||||0||0|||||||||||||||||||||
|C170|20|3441||30,00000|UND|1102,49||0|060|2403|||||0||0|||||||||||||||||||||
|C170|21|2481||24,00000|PCA|1062,18||0|060|2403|||||0||0|||||||||||||||||||||
|C170|22|3728||32,00000|UND|1473,18||0|060|2403|||||0||0|||||||||||||||||||||
|C170|23|1759||4,00000|UND|2201,06||0|060|2403|||||0||0|||||||||||||||||||||
|C170|24|1717||50,00000|PCA|1001,04||0|060|2403|||||0||0|||||||||||||||||||||
|C170|25|1660||4,00000|UND|672,76||0|060|2403|||||0||0|||||||||||||||||||||
|C170|26|1670||4,00000|UND|601,99||0|060|2403|||||0||0|||||||||||||||||||||
|C170|27|3729||304,00000|UND|4421,25||0|060|2403|||||0||0|||||||||||||||||||||
|C170|28|3730||80,00000|UND|663,75||0|060|2403|||||0||0|||||||||||||||||||||
|C170|29|1667||6,00000|UND|2911,64||0|060|2403|||||0||0|||||||||||||||||||||
|C170|30|2519||32,00000|PCA|726,77||0|060|2403|||||0||0|||||||||||||||||||||
|C170|31|1747||10,00000|UND|1416,46||0|060|2403|||||0||0|||||||||||||||||||||
|C170|32|3738||30,00000|UND|286,38||0|060|2403|||||0||0|||||||||||||||||||||
|C170|33|1631||10,00000|PCA|217,88||0|060|2403|||||0||0|||||||||||||||||||||
|C170|34|1351||104,00000|UND|1965,75||0|060|2403|||||0||0|||||||||||||||||||||
|C170|35|3739||10,00000|UND|133,13||0|060|2403|||||0||0|||||||||||||||||||||
|C170|36|3442||36,00000|UND|515,21||0|060|2403|||||0||0|||||||||||||||||||||
|C170|37|3740||4,00000|UND|121,80||0|060|2403|||||0||0|||||||||||||||||||||
|C170|38|2489||50,00000|PCA|1837,49||0|060|2403|||||0||0|||||||||||||||||||||
|C170|39|1649||52,00000|UND|531,39||0|090|2102|||||0||0|||||||||||||||||||||
|C170|40|1650||60,00000|UND|670,57||0|090|2102|||||0||0|||||||||||||||||||||
|C170|41|1658||20,00000|PCA|1121,86||0|060|2403|||||0||0|||||||||||||||||||||
|C170|42|2768||20,00000|PCA|796,11||0|060|2403|||||0||0|||||||||||||||||||||
|C170|43|3741||50,00000|UND|834,62||0|060|2403|||||0||0|||||||||||||||||||||
|C190|060|2403||41849,20|0|0|0|0|0|0||
|C190|090|2102||1201,96|0|0|0|0|0|0||
|C100|0|1|1000082805|55|00|001|000015815|41200107515103000133550010000158151178803200|20012020|29012020|2041,10|1|||2041,10|0||||0|0||||||||
|C110|1147|; PED.: 577; TRANSP.REDESP.: LUIZ CARLOS FERREIRA DA CONCEICAO TRANSPORTES ME - CNPJ REDESP.: 07.869.005/0001-02 - END.REDESP.: AVENIDA DOS PATOS, 1349 - CIDADE REDESP.: GUARULHOS-SP - FONE REDESP.: (11) 2411-2002; REDESPACHO SERA (FOB)POR CONTA DO DE|
|C170|1|3742||10,00000|UND|35,00||0|060|2403|||||0||0|||||||||||||||||||||
|C170|2|2645||20,00000|UND|280,00||0|060|2403|||||0||0|||||||||||||||||||||
|C170|3|3743||40,00000|UND|723,60||0|060|2403|||||0||0|||||||||||||||||||||
|C170|4|3744||50,00000|UND|57,50||0|060|2403|||||0||0|||||||||||||||||||||
|C170|5|3745||100,00000|UND|315,00||0|060|2403|||||0||0|||||||||||||||||||||
|C170|6|3746||100,00000|UND|350,00||0|060|2403|||||0||0|||||||||||||||||||||
|C170|7|3747||100,00000|UND|280,00||0|060|2403|||||0||0|||||||||||||||||||||
|C190|060|2403||2041,10|0|0|0|0|0|0||
|C100|1|0||55|02|001|000005253|22200122030835000127550010000052531742909700|||||||||||||||||||||
|C100|1|0||55|02|001|000005260|22200122030835000127550010000052601562622980|||||||||||||||||||||
|C100|1|0||55|02|001|000005274|22200122030835000127550010000052741976262843|||||||||||||||||||||
|C100|1|0||55|02|001|000005291|22200122030835000127550010000052911846703050|||||||||||||||||||||
|C100|0|1|791162|55|00|001|000119252|41191200669977000104550010001192521001273735|09122019|20012020|485,28|2|||485,28|9||||0|0||||||||
|C170|1|1667||1,00000|UND|485,28||0|060|2910|||||0||0|||||||||||||||||||||
|C190|060|2910||485,28|0|0|0|0|0|0||
|C100|1|0||55|05|1|000004656||||||||||||||||||||||
|C100|1|0||55|05|1|000004971||||||||||||||||||||||
|C100|1|0|1000069983|55|00|1|000004658|22200122030835000127550010000046581995347046|02012020|02012020|528,00|1|132,00||660,00|9||||0|0||||||||
|C190|500|5405||528,00|0|0|0|0|0|0||
|C100|1|0|1112737|55|00|1|000004659|22200122030835000127550010000046591590079540|02012020|02012020|81,60|1|20,40||102,00|9||||0|0||||||||
|C190|500|6403||81,60|0|0|0|0|0|0||
|C100|1|0|1000006974|55|00|1|000004660|22200122030835000127550010000046601796054403|02012020|02012020|176,00|0|43,99||219,99|9||||0|0||||||||
|C190|500|5405||176,00|0|0|0|0|0|0||
|C100|1|0|1000070589|55|00|1|000004661|22200122030835000127550010000046611293519217|02012020|02012020|93,80|0|40,20||134,00|9||||0|0||||||||
|C190|500|5405||93,80|0|0|0|0|0|0||
|C100|1|0|1000070594|55|00|1|000004662|22200122030835000127550010000046621706353150|02012020|02012020|679,02|1|226,34||905,36|9||||0|0||||||||
|C190|500|5405||679,02|0|0|0|0|0|0||
|C100|1|0|1100075|55|00|1|000004663|22200122030835000127550010000046631729623525|02012020|02012020|255,00|0|30,00||285,00|9||||0|0||||||||
|C190|500|5405||255,00|0|0|0|0|0|0||
|C100|1|0|1000031839|55|00|1|000004664|22200122030835000127550010000046641318479720|02012020|02012020|519,00|0|174,00||693,00|9||||0|0||||||||
|C190|500|6403||519,00|0|0|0|0|0|0||
|C100|1|0|1115074|55|00|1|000004665|22200122030835000127550010000046651685578826|02012020|02012020|102,40|1|25,60||128,00|9||||0|0||||||||
|C190|500|5405||102,40|0|0|0|0|0|0||
|C100|1|0|100002099|55|00|1|000004666|22200122030835000127550010000046661094226585|02012020|02012020|88,00|1|22,00||110,00|9||||0|0||||||||
|C190|500|5405||88,00|0|0|0|0|0|0||
|C100|1|0|1465|55|00|1|000004667|22200122030835000127550010000046671870779357|02012020|02012020|849,60|1|94,40||944,00|9||||0|0||||||||
|C190|500|5405||849,60|0|0|0|0|0|0||
|C100|1|0|1114036|55|00|1|000004668|22200122030835000127550010000046681590885464|02012020|02012020|373,49|1|41,50||414,99|9||||0|0||||||||
|C190|500|5405||373,49|0|0|0|0|0|0||
|C100|1|0|100002099|55|00|1|000004669|22200122030835000127550010000046691038585836|02012020|02012020|381,60|1|95,40||477,00|9||||0|0||||||||
|C190|500|5405||381,60|0|0|0|0|0|0||
|C100|1|0|1000005476|55|00|1|000004670|22200122030835000127550010000046701991239146|02012020|02012020|28,00|1|7,00||35,00|9||||0|0||||||||
|C190|500|5405||28,00|0|0|0|0|0|0||
|C100|1|0|1115051|55|00|1|000004671|22200122030835000127550010000046711435559252|02012020|02012020|127,50|1|22,50||150,00|9||||0|0||||||||
|C190|500|5405||127,50|0|0|0|0|0|0||
|C100|1|0|1000070588|55|00|1|000004672|22200122030835000127550010000046721891553684|02012020|02012020|96,00|0|32,00||128,00|9||||0|0||||||||
|C190|500|5405||96,00|0|0|0|0|0|0||
|C100|1|0|1000006179|55|00|1|000004673|22200122030835000127550010000046731326773800|02012020|02012020|761,60|1|190,40||952,00|9||||0|0||||||||
|C190|500|5405||761,60|0|0|0|0|0|0||
|C100|1|0|100004812|55|00|1|000004674|22200122030835000127550010000046741745405751|03012020|03012020|1365,00|1|455,00||1820,00|9||||0|0||||||||
|C190|500|5405||1365,00|0|0|0|0|0|0||
|C100|1|0|1000082789|55|00|1|000004675|22200122030835000127550010000046751260342925|03012020|03012020|279,84|1|69,96||349,80|9||||0|0||||||||
|C190|500|5405||279,84|0|0|0|0|0|0||
|C100|1|0|1000070588|55|00|1|000004676|22200122030835000127550010000046761113310783|03012020|03012020|255,97|1|85,33||341,30|9||||0|0||||||||
|C190|500|5405||255,97|0|0|0|0|0|0||
|C100|1|0|1115051|55|00|1|000004677|22200122030835000127550010000046771551026935|03012020|03012020|578,00|1|102,00||680,00|9||||0|0||||||||
|C190|500|5405||578,00|0|0|0|0|0|0||
|C100|1|0|1000054667|55|00|1|000004678|22200122030835000127550010000046781070150288|03012020|03012020|118,80|1|13,20||132,00|9||||0|0||||||||
|C190|500|5405||118,80|0|0|0|0|0|0||
|C100|1|0|675|55|00|1|000004679|22200122030835000127550010000046791601675596|03012020|03012020|1003,97|1|430,27||1434,24|9||||0|0||||||||
|C190|500|5405||1003,97|0|0|0|0|0|0||
|C100|1|0|675|55|00|1|000004680|22200122030835000127550010000046801091730532|03012020|03012020|1156,27|1|495,55||1651,82|9||||0|0||||||||
|C190|500|5405||1156,27|0|0|0|0|0|0||
|C100|1|0|1000070588|55|00|1|000004681|22200122030835000127550010000046811566809160|03012020|03012020|296,22|0|98,74||394,96|9||||0|0||||||||
|C190|500|5405||296,22|0|0|0|0|0|0||
|C100|1|0|1000070892|55|00|1|000004682|22200122030835000127550010000046821371624427|03012020|03012020|12,00|0|1,62||13,62|9||||0|0||||||||
|C190|500|5405||12,00|0|0|0|0|0|0||
|C100|1|0|1000010482|55|00|1|000004683|22200122030835000127550010000046831992045068|03012020|03012020|250,00|0|65,21||315,21|9||||0|0||||||||
|C190|500|5405||250,00|0|0|0|0|0|0||
|C100|1|0|1115051|55|00|1|000004684|22200122030835000127550010000046841918126030|03012020|03012020|119,00|1|21,00||140,00|9||||0|0||||||||
|C190|500|5405||119,00|0|0|0|0|0|0||
|C100|1|0|100004812|55|00|1|000004685|22200122030835000127550010000046851369128371|03012020|03012020|255,00|1|85,00||340,00|9||||0|0||||||||
|C190|500|5405||255,00|0|0|0|0|0|0||
|C100|1|0|100002099|55|00|1|000004686|22200122030835000127550010000046861928916160|03012020|03012020|252,00|1|63,00||315,00|9||||0|0||||||||
|C190|500|5405||252,00|0|0|0|0|0|0||
|C100|1|0|100002099|55|00|1|000004687|22200122030835000127550010000046871648216344|03012020|03012020|416,00|1|104,00||520,00|9||||0|0||||||||
|C190|500|5405||416,00|0|0|0|0|0|0||
|C100|1|0|100002099|55|00|1|000004688|22200122030835000127550010000046881683082771|03012020|03012020|230,40|1|57,60||288,00|9||||0|0||||||||
|C190|500|5405||230,40|0|0|0|0|0|0||
|C100|1|0|675|55|00|1|000004689|22200122030835000127550010000046891274435020|03012020|03012020|1007,52|1|431,79||1439,31|9||||0|0||||||||
|C190|500|5405||1007,52|0|0|0|0|0|0||
|C100|1|0|1000070588|55|00|1|000004690|22200122030835000127550010000046901709655127|03012020|03012020|262,50|1|87,50||350,00|9||||0|0||||||||
|C190|500|5405||262,50|0|0|0|0|0|0||
|C100|1|0|1115074|55|00|1|000004691|22200122030835000127550010000046911940590490|03012020|03012020|80,00|1|20,00||100,00|9||||0|0||||||||
|C190|500|5405||80,00|0|0|0|0|0|0||
|C100|1|0|1000007794|55|00|1|000004692|22200122030835000127550010000046921227088340|03012020|03012020|1180,00|1|209,77||1389,77|9||||0|0||||||||
|C190|500|5405||1180,00|0|0|0|0|0|0||
|C100|1|0|90001358|55|00|1|000004693|22200122030835000127550010000046931491200008|03012020|03012020|1354,39|1|150,49||1504,88|9||||0|0||||||||
|C190|500|5405||1354,39|0|0|0|0|0|0||
|C100|1|0|1730|55|00|1|000004694|22200122030835000127550010000046941004525337|03012020|03012020|68,00|1|17,00||85,00|9||||0|0||||||||
|C190|500|5405||68,00|0|0|0|0|0|0||
|C100|1|0|675|55|00|1|000004695|22200122030835000127550010000046951672292642|03012020|03012020|1109,59|1|475,54||1585,13|9||||0|0||||||||
|C190|500|5405||1109,59|0|0|0|0|0|0||
|C100|1|0|1000082795|55|00|1|000004696|22200122030835000127550010000046961964666795|03012020|03012020|210,00|0|26,60||236,60|9||||0|0||||||||
|C190|500|6404||210,00|0|0|0|0|0|0||
|C100|1|0|930|55|00|1|000004697|22200122030835000127550010000046971919816160|03012020|03012020|127,50|1|22,50||150,00|9||||0|0||||||||
|C190|500|5405||127,50|0|0|0|0|0|0||
|C100|1|0|1858|55|00|1|000004698|22200122030835000127550010000046981490394085|03012020|03012020|279,00|1|31,00||310,00|9||||0|0||||||||
|C190|500|5405||279,00|0|0|0|0|0|0||
|C100|1|0|1100362|55|00|1|000004699|22200122030835000127550010000046991099218689|03012020|03012020|140,87|1|35,22||176,09|9||||0|0||||||||
|C190|500|5405||140,87|0|0|0|0|0|0||
|C100|1|0|1115074|55|00|1|000004700|22200122030835000127550010000047001801852438|03012020|03012020|110,40|1|27,60||138,00|9||||0|0||||||||
|C190|500|5405||110,40|0|0|0|0|0|0||
|C100|1|0|675|55|00|1|000004701|22200122030835000127550010000047011914824062|03012020|03012020|4834,59|1|2071,96||6906,55|9||||0|0||||||||
|C190|500|5405||4834,59|0|0|0|0|0|0||
|C100|1|0|1000006974|55|00|1|000004702|22200122030835000127550010000047021108318684|03012020|03012020|597,60|0|176,40||774,00|9||||0|0||||||||
|C190|500|5405||597,60|0|0|0|0|0|0||
|C100|1|0|1114036|55|00|1|000004703|22200122030835000127550010000047031321781695|03012020|03012020|373,49|1|41,50||414,99|9||||0|0||||||||
|C190|500|5405||373,49|0|0|0|0|0|0||
|C100|1|0|1730|55|00|1|000004704|22200122030835000127550010000047041063468059|03012020|03012020|1670,40|1|417,60||2088,00|9||||0|0||||||||
|C190|500|5405||1670,40|0|0|0|0|0|0||
|C100|1|0|1108917|55|00|1|000004706|22200122030835000127550010000047061644030162|03012020|03012020|42,40|1|10,60||53,00|9||||0|0||||||||
|C190|500|5405||42,40|0|0|0|0|0|0||
|C100|1|0|1114036|55|00|1|000004707|22200122030835000127550010000047071886561582|03012020|03012020|97,20|1|10,80||108,00|9||||0|0||||||||
|C190|500|5405||97,20|0|0|0|0|0|0||
|C100|1|0|1714|55|00|1|000004708|22200122030835000127550010000047081266140944|03012020|03012020|456,00|1|114,00||570,00|9||||0|0||||||||
|C190|500|5405||456,00|0|0|0|0|0|0||
|C100|1|0|1000029612|55|00|1|000004709|22200122030835000127550010000047091566809162|03012020|03012020|700,00|1|81,99||781,99|9||||0|0||||||||
|C190|500|5405||700,00|0|0|0|0|0|0||
|C100|1|0|1000070591|55|00|1|000004710|22200122030835000127550010000047101854997135|03012020|03012020|1047,20|1|448,80||1496,00|9||||0|0||||||||
|C190|500|5405||1047,20|0|0|0|0|0|0||
|C100|1|0|3344|55|00|1|000004711|22200122030835000127550010000047111070150284|03012020|03012020|60,80|0|15,20||76,00|9||||0|0||||||||
|C190|500|5405||60,80|0|0|0|0|0|0||
|C100|1|0|1000023640|55|00|1|000004712|22200122030835000127550010000047121472115804|03012020|03012020|566,78|1|141,69||708,47|9||||0|0||||||||
|C190|500|5405||566,78|0|0|0|0|0|0||
|C100|1|0|90000036|55|00|1|000004713|22200122030835000127550010000047131249552792|03012020|03012020|5936,80|1|1484,20||7421,00|9||||0|0||||||||
|C190|500|6404||5936,80|0|0|0|0|0|0||
|C100|1|0|1100362|55|00|1|000004714|22200122030835000127550010000047141233770571|03012020|03012020|300,00|1|71,00||371,00|9||||0|0||||||||
|C190|500|5405||300,00|0|0|0|0|0|0||
|C100|1|0|1000070588|55|00|1|000004715|22200122030835000127550010000047151309301442|03012020|03012020|27,75|0|9,25||37,00|9||||0|0||||||||
|C190|500|5405||27,75|0|0|0|0|0|0||
|C100|1|0|1000070594|55|00|1|000004716|22200122030835000127550010000047161605861772|03012020|03012020|568,50|1|189,50||758,00|9||||0|0||||||||
|C190|500|5405||568,50|0|0|0|0|0|0||
|C100|1|0|1000070594|55|00|1|000004717|22200122030835000127550010000047171649022277|03012020|03012020|72,00|1|24,00||96,00|9||||0|0||||||||
|C190|500|5405||72,00|0|0|0|0|0|0||
|C100|1|0|1000016108|55|00|1|000004718|22200122030835000127550010000047181807650459|03012020|03012020|127,10|1|31,78||158,88|9||||0|0||||||||
|C190|500|5405||127,10|0|0|0|0|0|0||
|C100|1|0|1112737|55|00|1|000004719|22200122030835000127550010000047191776970209|03012020|03012020|186,72|1|46,68||233,40|9||||0|0||||||||
|C190|500|6403||186,72|0|0|0|0|0|0||
|C100|1|0|1000070588|55|00|1|000004720|22200122030835000127550010000047201727933401|03012020|03012020|105,00|0|35,00||140,00|9||||0|0||||||||
|C190|500|5405||105,00|0|0|0|0|0|0||
|C100|1|0|1000082793|55|00|1|000004721|22200122030835000127550010000047211065964100|03012020|03012020|240,00|0|49,84||289,84|9||||0|0||||||||
|C190|500|5405||240,00|0|0|0|0|0|0||
|C100|1|0|1000059137|55|00|1|000004722|22200122030835000127550010000047221132394983|03012020|03012020|158,00|0|40,60||198,60|9||||0|0||||||||
|C190|500|5405||158,00|0|0|0|0|0|0||
|C100|1|0|1730|55|00|1|000004723|22200122030835000127550010000047231614155847|03012020|03012020|76,00|1|19,00||95,00|9||||0|0||||||||
|C190|500|5405||76,00|0|0|0|0|0|0||
|C100|1|0|1000070594|55|00|1|000004724|22200122030835000127550010000047241793558353|03012020|03012020|568,50|1|189,50||758,00|9||||0|0||||||||
|C190|500|5405||568,50|0|0|0|0|0|0||
|C100|1|0|1000030023|55|00|1|000004725|22200122030835000127550010000047251737917600|03012020|03012020|210,56|1|70,19||280,75|9||||0|0||||||||
|C190|500|5405||210,56|0|0|0|0|0|0||
|C100|1|0|100002099|55|00|1|000004726|22200122030835000127550010000047261255350827|04012020|04012020|21,60|1|5,40||27,00|9||||0|0||||||||
|C190|500|5405||21,60|0|0|0|0|0|0||
|C100|1|0|1000054667|55|00|1|000004727|22200122030835000127550010000047271683888695|04012020|04012020|111,60|1|12,40||124,00|9||||0|0||||||||
|C190|500|5405||111,60|0|0|0|0|0|0||
|C100|1|0|100002099|55|00|1|000004728|22200122030835000127550010000047281827618859|04012020|04012020|248,00|1|62,00||310,00|9||||0|0||||||||
|C190|500|5405||248,00|0|0|0|0|0|0||
|C100|1|0|1000070594|55|00|1|000004729|22200122030835000127550010000047291672292642|04012020|04012020|823,50|1|274,50||1098,00|9||||0|0||||||||
|C190|500|5405||823,50|0|0|0|0|0|0||
|C100|1|0|1000070591|55|00|1|000004730|22200122030835000127550010000047301999533213|04012020|04012020|39,90|0|17,10||57,00|9||||0|0||||||||
|C190|500|5405||39,90|0|0|0|0|0|0||
|C100|1|0|1000070588|55|00|1|000004731|22200122030835000127550010000047311699670921|04012020|04012020|126,33|0|42,11||168,44|9||||0|0||||||||
|C190|500|5405||126,33|0|0|0|0|0|0||
|C100|1|0|1714|55|00|1|000004732|22200122030835000127550010000047321751203770|04012020|04012020|183,98|1|45,99||229,97|9||||0|0||||||||
|C190|500|5405||183,98|0|0|0|0|0|0||
|C100|1|0|90007844|55|00|1|000004733|22200122030835000127550010000047331928916162|04012020|04012020|399,00|0|171,00||570,00|9||||0|0||||||||
|C190|500|5405||399,00|0|0|0|0|0|0||
|C100|1|0|675|55|00|1|000004734|22200122030835000127550010000047341549336815|06012020|06012020|852,85|1|365,50||1218,35|9||||0|0||||||||
|C190|500|5405||852,85|0|0|0|0|0|0||
|C100|1|0|1541|55|00|1|000004735|22200122030835000127550010000047351090924619|06012020|06012020|112,00|1|28,00||140,00|9||||0|0||||||||
|C190|500|5405||112,00|0|0|0|0|0|0||
|C100|1|0|1000070589|55|00|1|000004736|22200122030835000127550010000047361339254051|06012020|06012020|275,80|0|118,20||394,00|9||||0|0||||||||
|C190|500|5405||275,80|0|0|0|0|0|0||
|C100|1|0|672|55|00|1|000004737|22200122030835000127550010000047371406490855|06012020|06012020|284,00|1|71,00||355,00|9||||0|0||||||||
|C190|500|5405||284,00|0|0|0|0|0|0||
|C100|1|0|90001466|55|00|1|000004738|22200122030835000127550010000047381422273070|06012020|06012020|840,00|1|210,00||1050,00|9||||0|0||||||||
|C190|500|5405||840,00|0|0|0|0|0|0||
|C100|1|0|1115074|55|00|1|000004739|22200122030835000127550010000047391307689607|06012020|06012020|84,00|1|21,00||105,00|9||||0|0||||||||
|C190|500|5405||84,00|0|0|0|0|0|0||
|C100|1|0|1114036|55|00|1|000004740|22200122030835000127550010000047401330075777|06012020|06012020|1428,30|1|158,70||1587,00|9||||0|0||||||||
|C190|500|5405||1428,30|0|0|0|0|0|0||
|C100|1|0|1000069239|55|00|1|000004741|22200122030835000127550010000047411627442023|06012020|06012020|316,88|1|105,62||422,50|9||||0|0||||||||
|C190|500|6403||316,88|0|0|0|0|0|0||
|C100|1|0|1000082796|55|00|1|000004742|22200122030835000127550010000047421612465712|06012020|06012020|758,00|1|189,50||947,50|9||||0|0||||||||
|C190|500|5405||758,00|0|0|0|0|0|0||
|C100|1|0|675|55|00|1|000004744|22200122030835000127550010000047441383220479|06012020|06012020|1614,73|1|692,02||2306,75|9||||0|0||||||||
|C190|500|5405||1614,73|0|0|0|0|0|0||
|C100|1|0|675|55|00|1|000004745|22200122030835000127550010000047451061856216|06012020|06012020|2603,48|1|1115,78||3719,26|9||||0|0||||||||
|C190|500|5405||2603,48|0|0|0|0|0|0||
|C100|1|0|1100362|55|00|1|000004746|22200122030835000127550010000047461993735191|06012020|06012020|58,50|1|6,50||65,00|9||||0|0||||||||
|C190|500|5405||58,50|0|0|0|0|0|0||
|C100|1|0|1541|55|00|1|000004747|22200122030835000127550010000047471163959434|06012020|06012020|179,20|1|44,80||224,00|9||||0|0||||||||
|C190|500|5405||179,20|0|0|0|0|0|0||
|C100|1|0|789960|55|00|1|000004748|22200122030835000127550010000047481526950636|06012020|06012020|85,00|0|15,00||100,00|9||||0|0||||||||
|C190|500|5405||85,00|0|0|0|0|0|0||
|C100|1|0|1000070594|55|00|1|000004749|22200122030835000127550010000047491350850100|06012020|06012020|200,42|1|66,81||267,23|9||||0|0||||||||
|C190|500|5405||200,42|0|0|0|0|0|0||
|C100|1|0|100004812|55|00|1|000004750|22200122030835000127550010000047501022803603|06012020|06012020|163,62|1|54,54||218,16|9||||0|0||||||||
|C190|500|5405||163,62|0|0|0|0|0|0||
|C100|1|0|1000047960|55|00|1|000004751|22200122030835000127550010000047511878267512|07012020|07012020|355,00|1|61,60||416,60|9||||0|0||||||||
|C190|500|5405||355,00|0|0|0|0|0|0||
|C100|1|0|1730|55|00|1|000004752|22200122030835000127550010000047521832610963|07012020|07012020|550,00|1|150,00||700,00|9||||0|0||||||||
|C190|500|5405||550,00|0|0|0|0|0|0||
|C100|1|0|1000031840|55|00|1|000004753|22200122030835000127550010000047531144875236|07012020|07012020|232,21|0|65,49||297,70|9||||0|0||||||||
|C190|500|5405||232,21|0|0|0|0|0|0||
|C100|1|0|100004306|55|00|1|000004754|22200122030835000127550010000047541097528552|07012020|07012020|72,00|1|13,00||85,00|9||||0|0||||||||
|C190|500|5405||72,00|0|0|0|0|0|0||
|C100|1|0|1000069239|55|00|1|000004755|22200122030835000127550010000047551757807728|07012020|07012020|94,50|0|31,50||126,00|9||||0|0||||||||
|C190|500|6403||94,50|0|0|0|0|0|0||
|C100|1|0|90001466|55|00|1|000004756|22200122030835000127550010000047561907335912|07012020|07012020|68,00|1|17,00||85,00|9||||0|0||||||||
|C190|500|5405||68,00|0|0|0|0|0|0||
|C100|1|0|1000070589|55|00|1|000004757|22200122030835000127550010000047571458023711|07012020|07012020|70,00|0|30,00||100,00|9||||0|0||||||||
|C190|500|5405||70,00|0|0|0|0|0|0||
|C100|1|0|1115074|55|00|1|000004758|22200122030835000127550010000047581339254059|07012020|07012020|161,40|1|40,35||201,75|9||||0|0||||||||
|C190|500|5405||161,40|0|0|0|0|0|0||
|C100|1|0|1465|55|00|1|000004759|22200122030835000127550010000047591112504864|07012020|07012020|219,60|1|24,40||244,00|9||||0|0||||||||
|C190|500|5405||219,60|0|0|0|0|0|0||
|C100|1|0|619|55|00|1|000004760|22200122030835000127550010000047601997843095|07012020|07012020|110,64|1|27,66||138,30|9||||0|0||||||||
|C190|500|5405||110,64|0|0|0|0|0|0||
|C100|1|0|1112737|55|00|1|000004761|22200122030835000127550010000047611096722635|07012020|07012020|219,00|1|54,75||273,75|9||||0|0||||||||
|C190|500|6403||219,00|0|0|0|0|0|0||
|C100|1|0|675|55|00|1|000004762|22200122030835000127550010000047621668990670|07012020|07012020|2147,81|1|920,49||3068,30|9||||0|0||||||||
|C190|500|5405||2147,81|0|0|0|0|0|0||
|C100|1|0|675|55|00|1|000004763|22200122030835000127550010000047631300201442|07012020|07012020|4110,95|1|1761,84||5872,79|9||||0|0||||||||
|C190|500|5405||4110,95|0|0|0|0|0|0||
|C100|1|0|1000006179|55|00|1|000004764|22200122030835000127550010000047641913133937|07012020|07012020|207,20|1|51,80||259,00|9||||0|0||||||||
|C190|500|5405||207,20|0|0|0|0|0|0||
|C100|1|0|90013296|55|00|1|000004766|22200122030835000127550010000047661438055307|07012020|07012020|76,50|1|13,50||90,00|9||||0|0||||||||
|C190|500|5405||76,50|0|0|0|0|0|0||
|C100|1|0|1000033795|55|00|1|000004767|22200122030835000127550010000047671165649567|07012020|07012020|630,00|0|110,00||740,00|9||||0|0||||||||
|C190|500|5405||630,00|0|0|0|0|0|0||
|C100|0|0|1000044449|55|00|1|000004768|22200122030835000127550010000047681911522099|08012020|08012020|58,00|0|7,00||65,00|9||||0|0||||||||
|C190|060|1411||58,00|0|0|0|0|0|0||
|C100|1|0|100002099|55|00|1|000004769|22200122030835000127550010000047691150673267|08012020|08012020|284,26|1|71,06||355,32|9||||0|0||||||||
|C190|500|5405||284,26|0|0|0|0|0|0||
|C100|1|0|1858|55|00|1|000004770|22200122030835000127550010000047701147371280|08012020|08012020|378,00|1|42,00||420,00|9||||0|0||||||||
|C190|500|5405||378,00|0|0|0|0|0|0||
|C100|1|0|1000031840|55|00|1|000004771|22200122030835000127550010000047711570111138|08012020|08012020|976,54|0|325,51||1302,05|9||||0|0||||||||
|C190|500|5405||976,54|0|0|0|0|0|0||
|C100|0|0|1000070588|55|00|1|000004772|22200122030835000127550010000047721610853870|08012020|08012020|21,75|0|7,25||29,00|9||||0|0||||||||
|C190|060|1411||21,75|0|0|0|0|0|0||
|C100|1|0|1000054544|55|00|1|000004773|22200122030835000127550010000047731889057635|08012020|08012020|119,70|1|13,30||133,00|9||||0|0||||||||
|C190|500|5405||119,70|0|0|0|0|0|0||
|C100|1|0|1107308|55|00|1|000004774|22200122030835000127550010000047741049375957|08012020|08012020|3196,80|1|799,20||3996,00|9||||0|0||||||||
|C190|500|5405||3196,80|0|0|0|0|0|0||
|C100|1|0|1541|55|00|1|000004775|22200122030835000127550010000047751659006472|08012020|08012020|100,00|1|25,00||125,00|9||||0|0||||||||
|C190|500|5405||100,00|0|0|0|0|0|0||
|C100|1|0|675|55|00|1|000004776|22200122030835000127550010000047761933908269|08012020|08012020|2365,15|1|1013,64||3378,79|9||||0|0||||||||
|C190|500|5405||2365,15|0|0|0|0|0|0||
|C100|1|0|90001774|55|00|1|000004777|22200122030835000127550010000047771712151170|08012020|08012020|104,00|1|26,00||130,00|9||||0|0||||||||
|C190|500|6404||104,00|0|0|0|0|0|0||
|C100|1|0|90001774|55|00|1|000004778|22200122030835000127550010000047781912328012|08012020|08012020|8,00|1|2,00||10,00|9||||0|0||||||||
|C190|500|6404||8,00|0|0|0|0|0|0||
|C100|0|0|791808|55|00|1|000004779|22200122030835000127550010000047791556824961|08012020|08012020|9,90|0|1,10||11,00|9||||0|0||||||||
|C190|060|1411||9,90|0|0|0|0|0|0||
|C100|1|0|3344|55|00|1|000004780|22200122030835000127550010000047801424769131|08012020|08012020|128,00|0|32,00||160,00|9||||0|0||||||||
|C190|500|5405||128,00|0|0|0|0|0|0||
|C100|1|0|1000031840|55|00|1|000004781|22200122030835000127550010000047811625751890|08012020|08012020|9,00|0|3,00||12,00|9||||0|0||||||||
|C190|500|5405||9,00|0|0|0|0|0|0||
|C100|1|0|1000028458|55|00|1|000004782|22200122030835000127550010000047821937210239|08012020|08012020|27,00|0|4,84||31,84|9||||0|0||||||||
|C190|500|5405||27,00|0|0|0|0|0|0||
|C100|1|0|1111670|55|00|1|000004783|22200122030835000127550010000047831415669130|08012020|08012020|120,00|0|30,00||150,00|9||||0|0||||||||
|C190|500|5405||120,00|0|0|0|0|0|0||
|C100|1|0|1114036|55|00|1|000004785|22200122030835000127550010000047851732119584|08012020|08012020|1057,29|1|117,48||1174,77|9||||0|0||||||||
|C190|500|5405||1057,29|0|0|0|0|0|0||
|C100|1|0|1114036|55|00|1|000004786|22200122030835000127550010000047861957178640|08012020|08012020|370,00|1|54,99||424,99|9||||0|0||||||||
|C190|500|5405||370,00|0|0|0|0|0|0||
|C100|1|0|1000031840|55|00|1|000004787|22200122030835000127550010000047871462131603|08012020|08012020|511,20|0|127,80||639,00|9||||0|0||||||||
|C190|500|5405||511,20|0|0|0|0|0|0||
|C100|1|0|675|55|00|1|000004788|22200122030835000127550010000047881661502528|08012020|08012020|468,10|1|200,62||668,72|9||||0|0||||||||
|C190|500|5405||468,10|0|0|0|0|0|0||
|C100|1|0|1000070594|55|00|1|000004789|22200122030835000127550010000047891894049734|08012020|08012020|219,00|1|54,75||273,75|9||||0|0||||||||
|C190|500|5405||219,00|0|0|0|0|0|0||
|C100|1|0|1000070594|55|00|1|000004790|22200122030835000127550010000047901238762676|08012020|08012020|790,50|1|263,50||1054,00|9||||0|0||||||||
|C190|500|5405||790,50|0|0|0|0|0|0||
|C100|1|0|1000070590|55|00|1|000004791|22200122030835000127550010000047911265335020|08012020|08012020|88,00|0|30,92||118,92|9||||0|0||||||||
|C190|500|5405||88,00|0|0|0|0|0|0||
|C100|1|0|1000031840|55|00|1|000004792|22200122030835000127550010000047921174749563|08012020|08012020|155,20|0|43,76||198,96|9||||0|0||||||||
|C190|500|5405||155,20|0|0|0|0|0|0||
|C100|1|0|1000006974|55|00|1|000004793|22200122030835000127550010000047931249552793|08012020|08012020|211,20|0|52,80||264,00|9||||0|0||||||||
|C190|500|5405||211,20|0|0|0|0|0|0||
|C100|1|0|1000006974|55|00|1|000004794|22200122030835000127550010000047941546034832|09012020|09012020|36,00|0|9,00||45,00|9||||0|0||||||||
|C190|500|5405||36,00|0|0|0|0|0|0||
|C100|1|0|1000070591|55|00|1|000004795|22200122030835000127550010000047951666494625|09012020|09012020|23,80|0|10,20||34,00|9||||0|0||||||||
|C190|500|5405||23,80|0|0|0|0|0|0||
|C100|1|0|1114036|55|00|1|000004796|22200122030835000127550010000047961799356387|09012020|09012020|415,26|1|46,14||461,40|9||||0|0||||||||
|C190|500|5405||415,26|0|0|0|0|0|0||
|C100|1|0|675|55|00|1|000004797|22200122030835000127550010000047971318479726|09012020|09012020|3398,93|1|1456,68||4855,61|9||||0|0||||||||
|C190|500|5405||3398,93|0|0|0|0|0|0||
|C100|1|0|1000070588|55|00|1|000004798|22200122030835000127550010000047981045189778|09012020|09012020|46,00|0|16,00||62,00|9||||0|0||||||||
|C190|500|5405||46,00|0|0|0|0|0|0||
|C100|1|0|1000070591|55|00|1|000004799|22200122030835000127550010000047991041887800|09012020|09012020|11,20|0|4,80||16,00|9||||0|0||||||||
|C190|500|5405||11,20|0|0|0|0|0|0||
|C100|1|0|1000070588|55|00|1|000004801|22200122030835000127550010000048011886561584|09012020|09012020|15,00|0|5,00||20,00|9||||0|0||||||||
|C190|500|5405||15,00|0|0|0|0|0|0||
|C100|1|0|1465|55|00|1|000004802|22200122030835000127550010000048021852501080|09012020|09012020|1274,40|1|141,60||1416,00|9||||0|0||||||||
|C190|500|5405||1274,40|0|0|0|0|0|0||
|C100|0|0|1000082797|55|00|1|000004803|22200122030835000127550010000048031249552791|09012020|09012020|68,08|0|13,00||81,08|9||||0|0||||||||
|C190|060|2411||68,08|0|0|0|0|0|0||
|C100|0|0|1000082797|55|00|1|000004804|22200122030835000127550010000048041125791031|09012020|09012020|172,40|0|19,60||192,00|9||||0|0||||||||
|C190|060|2411||172,40|0|0|0|0|0|0||
|C100|1|0|1000041100|55|00|1|000004805|22200122030835000127550010000048051305999479|09012020|09012020|400,00|0|100,00||500,00|9||||0|0||||||||
|C190|500|6404||400,00|0|0|0|0|0|0||
|C100|1|0|1000031840|55|00|1|000004806|22200122030835000127550010000048061212996248|09012020|09012020|230,80|1|57,70||288,50|9||||0|0||||||||
|C190|500|5405||230,80|0|0|0|0|0|0||
|C100|1|0|1541|55|00|1|000004807|22200122030835000127550010000048071083436460|09012020|09012020|52,00|1|6,58||58,58|9||||0|0||||||||
|C190|500|5405||52,00|0|0|0|0|0|0||
|C100|1|0|1115051|55|00|1|000004808|22200122030835000127550010000048081046879903|09012020|09012020|127,50|1|22,50||150,00|9||||0|0||||||||
|C190|500|5405||127,50|0|0|0|0|0|0||
|C100|0|0|100003707|55|00|1|000004810|22200122030835000127550010000048101616651890|09012020|09012020|270,01|0|48,74||318,75|9||||0|0||||||||
|C190|060|1411||270,01|0|0|0|0|0|0||
|C100|1|0|1000070589|55|00|1|000004811|22200122030835000127550010000048111923118134|09012020|09012020|276,50|0|118,50||395,00|9||||0|0||||||||
|C190|500|5405||276,50|0|0|0|0|0|0||
|C100|1|0|90001358|55|00|1|000004812|22200122030835000127550010000048121580901268|09012020|09012020|1047,00|1|116,75||1163,75|9||||0|0||||||||
|C190|500|5405||1047,00|0|0|0|0|0|0||
|C100|1|0|90001358|55|00|1|000004813|22200122030835000127550010000048131899041836|09012020|09012020|13,00|0|2,00||15,00|9||||0|0||||||||
|C190|500|5405||13,00|0|0|0|0|0|0||
|C100|1|0|1000070594|55|00|1|000004814|22200122030835000127550010000048141399002707|09012020|09012020|599,93|1|149,98||749,91|9||||0|0||||||||
|C190|500|5405||599,93|0|0|0|0|0|0||
|C100|1|0|1000031840|55|00|1|000004815|22200122030835000127550010000048151791062306|09012020|09012020|78,00|0|23,00||101,00|9||||0|0||||||||
|C190|500|5405||78,00|0|0|0|0|0|0||
|C100|1|0|1000064999|55|00|1|000004816|22200122030835000127550010000048161801852433|09012020|09012020|538,00|0|149,25||687,25|9||||0|0||||||||
|C190|500|5405||538,00|0|0|0|0|0|0||
|C100|1|0|1000054667|55|00|1|000004817|22200122030835000127550010000048171707159077|09012020|09012020|39,60|1|4,40||44,00|9||||0|0||||||||
|C190|500|5405||39,60|0|0|0|0|0|0||
|C100|1|0|1000027005|55|00|1|000004818|22200122030835000127550010000048181614961768|09012020|09012020|92,00|1|23,00||115,00|9||||0|0||||||||
|C190|500|5405||92,00|0|0|0|0|0|0||
|C100|1|0|1000027005|55|00|1|000004819|22200122030835000127550010000048191335067871|09012020|09012020|73,60|1|18,40||92,00|9||||0|0||||||||
|C190|500|5405||73,60|0|0|0|0|0|0||
|C100|1|0|1000054544|55|00|1|000004820|22200122030835000127550010000048201432257281|09012020|09012020|423,00|1|47,00||470,00|9||||0|0||||||||
|C190|500|5405||423,00|0|0|0|0|0|0||
|C100|1|0|1000054544|55|00|1|000004821|22200122030835000127550010000048211937210239|09012020|09012020|99,00|1|11,00||110,00|9||||0|0||||||||
|C190|500|5405||99,00|0|0|0|0|0|0||
|C100|1|0|1000070591|55|00|1|000004822|22200122030835000127550010000048221223786367|10012020|10012020|12,00|0|3,00||15,00|9||||0|0||||||||
|C190|500|5405||12,00|0|0|0|0|0|0||
|C100|1|0|1000027005|55|00|1|000004823|22200122030835000127550010000048231423963200|10012020|10012020|44,00|1|11,00||55,00|9||||0|0||||||||
|C190|500|5405||44,00|0|0|0|0|0|0||
|C100|1|0|675|55|00|1|000004824|22200122030835000127550010000048241888251714|10012020|10012020|2086,52|1|894,22||2980,74|9||||0|0||||||||
|C190|500|5405||2086,52|0|0|0|0|0|0||
|C100|1|0|1000070588|55|00|1|000004825|22200122030835000127550010000048251989549015|10012020|10012020|112,50|0|37,50||150,00|9||||0|0||||||||
|C190|500|5405||112,50|0|0|0|0|0|0||
|C100|1|0|633|55|00|1|000004826|22200122030835000127550010000048261998727297|10012020|10012020|416,00|1|104,00||520,00|9||||0|0||||||||
|C190|500|5405||416,00|0|0|0|0|0|0||
|C100|1|0|675|55|00|1|000004827|22200122030835000127550010000048271672292643|10012020|10012020|76,30|1|32,70||109,00|9||||0|0||||||||
|C190|500|5405||76,30|0|0|0|0|0|0||
|C100|1|0|1000070588|55|00|1|000004828|22200122030835000127550010000048281310991574|10012020|10012020|412,60|1|137,53||550,13|9||||0|0||||||||
|C190|500|5405||412,60|0|0|0|0|0|0||
|C100|1|0|1465|55|00|1|000004829|22200122030835000127550010000048291159851540|10012020|10012020|57,60|1|6,40||64,00|9||||0|0||||||||
|C190|500|5405||57,60|0|0|0|0|0|0||
|C100|1|0|1000070588|55|00|1|000004830|22200122030835000127550010000048301017811507|10012020|10012020|13,00|0|3,86||16,86|9||||0|0||||||||
|C190|500|5405||13,00|0|0|0|0|0|0||
|C100|0|0|1000047964|55|00|1|000004831|22200122030835000127550010000048311121604854|10012020|10012020|76,97|0|13,03||90,00|9||||0|0||||||||
|C190|060|1411||76,97|0|0|0|0|0|0||
|C100|1|0|1000070591|55|00|1|000004832|22200122030835000127550010000048321236266622|10012020|10012020|107,58|1|46,10||153,68|9||||0|0||||||||
|C190|500|5405||107,58|0|0|0|0|0|0||
|C100|1|0|1000054544|55|00|1|000004833|22200122030835000127550010000048331957984567|10012020|10012020|378,00|1|42,00||420,00|9||||0|0||||||||
|C190|500|5405||378,00|0|0|0|0|0|0||
|C100|1|0|1000070588|55|00|1|000004834|22200122030835000127550010000048341832610960|10012020|10012020|7,50|0|2,50||10,00|9||||0|0||||||||
|C190|500|5405||7,50|0|0|0|0|0|0||
|C100|1|0|1000006974|55|00|1|000004835|22200122030835000127550010000048351799356387|10012020|10012020|70,40|0|17,60||88,00|9||||0|0||||||||
|C190|500|5405||70,40|0|0|0|0|0|0||
|C100|1|0|1000054544|55|00|1|000004836|22200122030835000127550010000048361337563923|10012020|10012020|324,00|1|36,00||360,00|9||||0|0||||||||
|C190|500|5405||324,00|0|0|0|0|0|0||
|C100|1|0|1000070588|55|00|1|000004837|22200122030835000127550010000048371448845436|10012020|10012020|27,00|0|9,36||36,36|9||||0|0||||||||
|C190|500|5405||27,00|0|0|0|0|0|0||
|C100|1|0|90001466|55|00|1|000004838|22200122030835000127550010000048381018617427|10012020|10012020|3,50|0|0,50||4,00|9||||0|0||||||||
|C190|500|5405||3,50|0|0|0|0|0|0||
|C100|1|0|1000031840|55|00|1|000004839|22200122030835000127550010000048391570111136|10012020|10012020|255,99|1|64,00||319,99|9||||0|0||||||||
|C190|500|5405||255,99|0|0|0|0|0|0||
|C100|1|0|791488|55|00|1|000004840|22200122030835000127550010000048401827618859|10012020|10012020|342,37|1|38,04||380,41|9||||0|0||||||||
|C190|500|5405||342,37|0|0|0|0|0|0||
|C100|1|0|1000033795|55|00|1|000004841|22200122030835000127550010000048411771978100|10012020|10012020|28,00|0|7,00||35,00|9||||0|0||||||||
|C190|500|5405||28,00|0|0|0|0|0|0||
|C100|1|0|1111670|55|00|1|000004842|22200122030835000127550010000048421267831077|10012020|10012020|304,00|1|76,00||380,00|9||||0|0||||||||
|C190|500|5405||304,00|0|0|0|0|0|0||
|C100|1|0|791808|55|00|1|000004843|22200122030835000127550010000048431129898939|10012020|10012020|196,00|0|48,71||244,71|9||||0|0||||||||
|C190|500|5405||196,00|0|0|0|0|0|0||
|C100|1|0|1111670|55|00|1|000004844|22200122030835000127550010000048441989549010|10012020|10012020|420,00|0|130,00||550,00|9||||0|0||||||||
|C190|500|5405||420,00|0|0|0|0|0|0||
|C100|1|0|1000082798|55|00|1|000004845|22200122030835000127550010000048451849199103|10012020|10012020|365,00|0|65,25||430,25|9||||0|0||||||||
|C190|500|6403||365,00|0|0|0|0|0|0||
|C100|1|0|675|55|00|1|000004846|22200122030835000127550010000048461850005039|10012020|10012020|1524,66|1|653,43||2178,09|9||||0|0||||||||
|C190|500|5405||1524,66|0|0|0|0|0|0||
|C100|1|0|90000036|55|00|1|000004847|22200122030835000127550010000048471774474158|10012020|10012020|3274,12|1|818,53||4092,65|9||||0|0||||||||
|C190|500|6404||3274,12|0|0|0|0|0|0||
|C100|1|0|1000070588|55|00|1|000004848|22200122030835000127550010000048481981254940|11012020|11012020|19,00|0|6,00||25,00|9||||0|0||||||||
|C190|500|5405||19,00|0|0|0|0|0|0||
|C100|1|0|1000082790|55|00|1|000004849|22200122030835000127550010000048491873275409|11012020|11012020|45,00|0|5,00||50,00|9||||0|0||||||||
|C190|500|5405||45,00|0|0|0|0|0|0||
|C100|1|0|1000006974|55|00|1|000004850|22200122030835000127550010000048501007021387|11012020|11012020|140,80|0|35,20||176,00|9||||0|0||||||||
|C190|500|5405||140,80|0|0|0|0|0|0||
|C100|1|0|1000070591|55|00|1|000004851|22200122030835000127550010000048511477913834|11012020|11012020|13,30|0|5,70||19,00|9||||0|0||||||||
|C190|500|5405||13,30|0|0|0|0|0|0||
|C100|1|0|1000028458|55|00|1|000004852|22200122030835000127550010000048521144875234|11012020|11012020|780,00|0|200,18||980,18|9||||0|0||||||||
|C190|500|5405||780,00|0|0|0|0|0|0||
|C100|1|0|1000070588|55|00|1|000004853|22200122030835000127550010000048531355842201|11012020|11012020|12,00|0|4,00||16,00|9||||0|0||||||||
|C190|500|5405||12,00|0|0|0|0|0|0||
|C100|1|0|100004812|55|00|1|000004854|22200122030835000127550010000048541049375950|11012020|11012020|627,00|1|209,00||836,00|9||||0|0||||||||
|C190|500|5405||627,00|0|0|0|0|0|0||
|C100|1|0|675|55|00|1|000004855|22200122030835000127550010000048551482100012|11012020|11012020|432,60|1|185,40||618,00|9||||0|0||||||||
|C190|500|5405||432,60|0|0|0|0|0|0||
|C100|1|0|1000069986|55|00|1|000004856|22200122030835000127550010000048561301007373|11012020|11012020|426,00|1|106,50||532,50|9||||0|0||||||||
|C190|500|5405||426,00|0|0|0|0|0|0||
|C100|1|0|221075|55|00|1|000004857|22200122030835000127550010000048571517772350|11012020|11012020|1550,00|1|323,60||1873,60|9||||0|0||||||||
|C190|500|5405||1550,00|0|0|0|0|0|0||
|C100|1|0|1000070588|55|00|1|000004858|22200122030835000127550010000048581455527665|13012020|13012020|18,00|0|6,00||24,00|9||||0|0||||||||
|C190|500|5405||18,00|0|0|0|0|0|0||
|C100|1|0|1000070588|55|00|1|000004859|22200122030835000127550010000048591384104683|13012020|13012020|63,00|0|21,00||84,00|9||||0|0||||||||
|C190|500|5405||63,00|0|0|0|0|0|0||
|C100|1|0|1000016108|55|00|1|000004860|22200122030835000127550010000048601440551350|13012020|13012020|172,00|1|43,00||215,00|9||||0|0||||||||
|C190|500|5405||172,00|0|0|0|0|0|0||
|C100|1|0|1000070588|55|00|1|000004861|22200122030835000127550010000048611289411327|13012020|13012020|51,00|0|17,00||68,00|9||||0|0||||||||
|C190|500|5405||51,00|0|0|0|0|0|0||
|C100|1|0|1114036|55|00|1|000004862|22200122030835000127550010000048621529446690|13012020|13012020|586,80|1|65,20||652,00|9||||0|0||||||||
|C190|500|5405||586,80|0|0|0|0|0|0||
|C100|1|0|1000069239|55|00|1|000004863|22200122030835000127550010000048631352540227|13012020|13012020|172,50|0|57,50||230,00|9||||0|0||||||||
|C190|500|6403||172,50|0|0|0|0|0|0||
|C100|1|0|1000070590|55|00|1|000004864|22200122030835000127550010000048641707159077|13012020|13012020|94,40|0|23,60||118,00|9||||0|0||||||||
|C190|500|5405||94,40|0|0|0|0|0|0||
|C100|1|0|1000070588|55|00|1|000004865|22200122030835000127550010000048651147371286|13012020|13012020|38,00|0|12,40||50,40|9||||0|0||||||||
|C190|500|5405||38,00|0|0|0|0|0|0||
|C100|1|0|90000036|55|00|1|000004866|22200122030835000127550010000048661070956207|13012020|13012020|600,00|1|150,00||750,00|9||||0|0||||||||
|C190|500|6404||600,00|0|0|0|0|0|0||
|C100|1|0|1114036|55|00|1|000004867|22200122030835000127550010000048671358338259|13012020|13012020|235,79|1|26,20||261,99|9||||0|0||||||||
|C190|500|5405||235,79|0|0|0|0|0|0||
|C100|1|0|1112746|55|00|1|000004868|22200122030835000127550010000048681926420110|13012020|13012020|1052,00|1|263,00||1315,00|9||||0|0||||||||
|C190|500|5405||1052,00|0|0|0|0|0|0||
|C100|1|0|1112746|55|00|1|000004869|22200122030835000127550010000048691569305215|13012020|13012020|14,26|1|3,56||17,82|9||||0|0||||||||
|C190|500|5405||14,26|0|0|0|0|0|0||
|C100|0|0|1000082799|55|00|1|000004870|22200122030835000127550010000048701592575593|13012020|13012020|131,46|0|17,54||149,00|9||||0|0||||||||
|C190|060|2411||131,46|0|0|0|0|0|0||
|C100|1|0|100002099|55|00|1|000004871|22200122030835000127550010000048711772784023|13012020|13012020|98,07|1|24,52||122,59|9||||0|0||||||||
|C190|500|5405||98,07|0|0|0|0|0|0||
|C100|1|0|789960|55|00|1|000004872|22200122030835000127550010000048721250358720|13012020|13012020|198,08|0|34,96||233,04|9||||0|0||||||||
|C190|500|5405||198,08|0|0|0|0|0|0||
|C100|1|0|1465|55|00|1|000004873|22200122030835000127550010000048731085932516|13012020|13012020|518,80|1|57,64||576,44|9||||0|0||||||||
|C190|500|5405||518,80|0|0|0|0|0|0||
|C100|0|0|1000082800|55|00|1|000004874|22200122030835000127550010000048741910637880|13012020|13012020|188,00|0|47,00||235,00|9||||0|0||||||||
|C190|060|1411||188,00|0|0|0|0|0|0||
|C100|1|0|1000070588|55|00|1|000004875|22200122030835000127550010000048751397390853|13012020|13012020|11,40|0|3,80||15,20|9||||0|0||||||||
|C190|500|5405||11,40|0|0|0|0|0|0||
|C100|1|0|1000070588|55|00|1|000004877|22200122030835000127550010000048771033593736|13012020|13012020|102,00|0|34,00||136,00|9||||0|0||||||||
|C190|500|5405||102,00|0|0|0|0|0|0||
|C100|1|0|100004812|55|00|1|000004878|22200122030835000127550010000048781700555126|13012020|13012020|670,50|1|223,50||894,00|9||||0|0||||||||
|C190|500|5405||670,50|0|0|0|0|0|0||
|C100|1|0|1000031836|55|00|1|000004879|22200122030835000127550010000048791892359603|13012020|13012020|457,60|1|114,40||572,00|9||||0|0||||||||
|C190|500|5405||457,60|0|0|0|0|0|0||
|C100|1|0|1000048748|55|00|1|000004880|22200122030835000127550010000048801952186549|13012020|13012020|220,05|1|24,45||244,50|9||||0|0||||||||
|C190|500|5405||220,05|0|0|0|0|0|0||
|C100|1|0|90000036|55|00|1|000004881|22200122030835000127550010000048811549336810|13012020|13012020|35,20|1|8,80||44,00|9||||0|0||||||||
|C190|500|6404||35,20|0|0|0|0|0|0||
|C100|1|0|3344|55|00|1|000004882|22200122030835000127550010000048821443853320|14012020|14012020|132,00|0|33,00||165,00|9||||0|0||||||||
|C190|500|5405||132,00|0|0|0|0|0|0||
|C100|1|0|90001466|55|00|1|000004883|22200122030835000127550010000048831817634654|14012020|14012020|138,88|1|34,72||173,60|9||||0|0||||||||
|C190|500|5405||138,88|0|0|0|0|0|0||
|C100|1|0|1465|55|00|1|000004885|22200122030835000127550010000048851136581163|14012020|14012020|437,22|1|48,58||485,80|9||||0|0||||||||
|C190|500|5405||437,22|0|0|0|0|0|0||
|C100|1|0|1000070588|55|00|1|000004886|22200122030835000127550010000048861839214900|14012020|14012020|5,00|0|1,28||6,28|9||||0|0||||||||
|C190|500|5405||5,00|0|0|0|0|0|0||
|C100|1|0|1000007123|55|00|1|000004887|22200122030835000127550010000048871780272184|14012020|14012020|365,00|0|90,16||455,16|9||||0|0||||||||
|C190|500|5405||365,00|0|0|0|0|0|0||
|C100|1|0|619|55|00|1|000004888|22200122030835000127550010000048881870779358|14012020|14012020|76,80|1|19,20||96,00|9||||0|0||||||||
|C190|500|5405||76,80|0|0|0|0|0|0||
|C100|1|0|1111670|55|00|1|000004889|22200122030835000127550010000048891541042735|14012020|14012020|73,60|0|18,40||92,00|9||||0|0||||||||
|C190|500|5405||73,60|0|0|0|0|0|0||
|C100|1|0|1111670|55|00|1|000004890|22200122030835000127550010000048901253660698|14012020|14012020|550,00|0|150,00||700,00|9||||0|0||||||||
|C190|500|5405||550,00|0|0|0|0|0|0||
|C100|1|0|791735|55|00|1|000004891|22200122030835000127550010000048911347548120|14012020|14012020|33,92|1|8,48||42,40|9||||0|0||||||||
|C190|500|5405||33,92|0|0|0|0|0|0||
|C100|1|0|1000054544|55|00|1|000004892|22200122030835000127550010000048921068460151|14012020|14012020|243,00|1|27,00||270,00|9||||0|0||||||||
|C190|500|5405||243,00|0|0|0|0|0|0||
|C100|1|0|1000048748|55|00|1|000004893|22200122030835000127550010000048931993735197|14012020|14012020|340,20|1|37,80||378,00|9||||0|0||||||||
|C190|500|5405||340,20|0|0|0|0|0|0||
|C100|1|0|1000029612|55|00|1|000004895|22200122030835000127550010000048951139077217|14012020|14012020|280,35|0|29,65||310,00|9||||0|0||||||||
|C190|500|5405||280,35|0|0|0|0|0|0||
|C100|1|0|1000070588|55|00|1|000004896|22200122030835000127550010000048961345052078|14012020|14012020|112,50|0|37,50||150,00|9||||0|0||||||||
|C190|500|5405||112,50|0|0|0|0|0|0||
|C100|1|0|90013296|55|00|1|000004897|22200122030835000127550010000048971550221010|14012020|14012020|204,16|1|27,84||232,00|9||||0|0||||||||
|C190|500|5405||204,16|0|0|0|0|0|0||
|C100|1|0|100002099|55|00|1|000004898|22200122030835000127550010000048981807650455|14012020|14012020|1972,79|1|493,19||2465,98|9||||0|0||||||||
|C190|500|5405||1972,79|0|0|0|0|0|0||
|C100|1|0|1114036|55|00|1|000004899|22200122030835000127550010000048991770287970|14012020|14012020|643,50|1|71,50||715,00|9||||0|0||||||||
|C190|500|5405||643,50|0|0|0|0|0|0||
|C100|1|0|1000069239|55|00|1|000004900|22200122030835000127550010000049001384104681|14012020|14012020|108,75|0|36,25||145,00|9||||0|0||||||||
|C190|500|6403||108,75|0|0|0|0|0|0||
|C100|1|0|675|55|00|1|000004901|22200122030835000127550010000049011219600187|14012020|14012020|4557,54|1|1953,23||6510,77|9||||0|0||||||||
|C190|500|5405||4557,54|0|0|0|0|0|0||
|C100|1|0|675|55|00|1|000004902|22200122030835000127550010000049021742025491|14012020|14012020|1011,17|1|433,36||1444,53|9||||0|0||||||||
|C190|500|5405||1011,17|0|0|0|0|0|0||
|C100|1|0|1000082791|55|00|1|000004903|22200122030835000127550010000049031977952969|14012020|14012020|849,83|1|94,42||944,25|9||||0|0||||||||
|C190|500|5405||849,83|0|0|0|0|0|0||
|C100|1|0|1000070590|55|00|1|000004904|22200122030835000127550010000049041717143278|15012020|15012020|184,00|0|46,00||230,00|9||||0|0||||||||
|C190|500|5405||184,00|0|0|0|0|0|0||
|C100|1|0|1000070591|55|00|1|000004905|22200122030835000127550010000049051809340581|15012020|15012020|22,40|0|9,60||32,00|9||||0|0||||||||
|C190|500|5405||22,40|0|0|0|0|0|0||
|C100|1|0|1000070591|55|00|1|000004906|22200122030835000127550010000049061937210238|15012020|15012020|2,59|0|1,11||3,70|9||||0|0||||||||
|C190|500|5405||2,59|0|0|0|0|0|0||
|C100|1|0|90001466|55|00|1|000004907|22200122030835000127550010000049071625751893|15012020|15012020|677,60|1|169,40||847,00|9||||0|0||||||||
|C190|500|5405||677,60|0|0|0|0|0|0||
|C100|1|0|1714|55|00|1|000004908|22200122030835000127550010000049081217988340|15012020|15012020|140,00|1|35,00||175,00|9||||0|0||||||||
|C190|500|5405||140,00|0|0|0|0|0|0||
|C100|1|0|672|55|00|1|000004909|22200122030835000127550010000049091960480612|15012020|15012020|416,00|1|104,00||520,00|9||||0|0||||||||
|C190|500|5405||416,00|0|0|0|0|0|0||
|C100|1|0|1000070588|55|00|1|000004910|22200122030835000127550010000049101624945967|15012020|15012020|174,00|0|58,00||232,00|9||||0|0||||||||
|C190|500|5405||174,00|0|0|0|0|0|0||
|C100|1|0|1000070591|55|00|1|000004911|22200122030835000127550010000049111305999471|15012020|15012020|10,46|0|4,49||14,95|9||||0|0||||||||
|C190|500|5405||10,46|0|0|0|0|0|0||
|C100|1|0|1465|55|00|1|000004912|22200122030835000127550010000049121575103249|15012020|15012020|799,20|1|88,80||888,00|9||||0|0||||||||
|C190|500|5405||799,20|0|0|0|0|0|0||
|C100|0|0|1000082801|55|00|1|000004913|22200122030835000127550010000049131437249385|15012020|15012020|120,75|0|19,25||140,00|9||||0|0||||||||
|C190|060|2411||120,75|0|0|0|0|0|0||
|C100|1|0|675|55|00|1|000004914|22200122030835000127550010000049141218794261|15012020|15012020|151,20|1|64,80||216,00|9||||0|0||||||||
|C190|500|5405||151,20|0|0|0|0|0|0||
|C100|1|0|100002099|55|00|1|000004915|22200122030835000127550010000049151521958531|15012020|15012020|295,82|1|73,95||369,77|9||||0|0||||||||
|C190|500|5405||295,82|0|0|0|0|0|0||
|C100|1|0|1000079884|55|00|1|000004916|22200122030835000127550010000049161337563926|15012020|15012020|292,00|0|40,16||332,16|9||||0|0||||||||
|C190|500|5405||292,00|0|0|0|0|0|0||
|C100|1|0|789929|55|00|1|000004918|22200122030835000127550010000049181646526213|15012020|15012020|350,00|1|41,80||391,80|9||||0|0||||||||
|C190|500|5405||350,00|0|0|0|0|0|0||
|C100|1|0|1112737|55|00|1|000004919|22200122030835000127550010000049191426459255|15012020|15012020|301,50|1|100,50||402,00|9||||0|0||||||||
|C190|500|6403||301,50|0|0|0|0|0|0||
|C100|1|0|1000065000|55|00|1|000004920|22200122030835000127550010000049201619147949|15012020|15012020|149,15|1|37,29||186,44|9||||0|0||||||||
|C190|500|5405||149,15|0|0|0|0|0|0||
|C100|1|0|672|55|00|1|000004921|22200122030835000127550010000049211930606299|15012020|15012020|2071,47|1|517,87||2589,34|9||||0|0||||||||
|C190|500|5405||2071,47|0|0|0|0|0|0||
|C100|1|0|1000070594|55|00|1|000004922|22200122030835000127550010000049221516160513|15012020|15012020|823,07|1|274,36||1097,43|9||||0|0||||||||
|C190|500|5405||823,07|0|0|0|0|0|0||
|C100|1|0|1465|55|00|1|000004923|22200122030835000127550010000049231548530887|15012020|15012020|270,00|1|30,00||300,00|9||||0|0||||||||
|C190|500|5405||270,00|0|0|0|0|0|0||
|C100|1|0|1000059138|55|00|1|000004924|22200122030835000127550010000049241897351713|15012020|15012020|8,00|0|2,00||10,00|9||||0|0||||||||
|C190|500|5405||8,00|0|0|0|0|0|0||
|C100|1|0|1465|55|00|1|000004925|22200122030835000127550010000049251492084210|15012020|15012020|248,40|1|27,60||276,00|9||||0|0||||||||
|C190|500|5405||248,40|0|0|0|0|0|0||
|C100|1|0|100002099|55|00|1|000004926|22200122030835000127550010000049261552717068|15012020|15012020|293,12|1|73,28||366,40|9||||0|0||||||||
|C190|500|5405||293,12|0|0|0|0|0|0||
|C100|1|0|1114036|55|00|1|000004927|22200122030835000127550010000049271918126030|15012020|15012020|563,83|1|62,65||626,48|9||||0|0||||||||
|C190|500|5405||563,83|0|0|0|0|0|0||
|C100|1|0|1000069239|55|00|1|000004928|22200122030835000127550010000049281497882230|15012020|15012020|189,56|0|63,18||252,74|9||||0|0||||||||
|C190|500|6403||189,56|0|0|0|0|0|0||
|C100|1|0|1000031842|55|00|1|000004929|22200122030835000127550010000049291237072546|15012020|15012020|1370,43|1|456,81||1827,24|9||||0|0||||||||
|C190|500|6403||1370,43|0|0|0|0|0|0||
|C100|1|0|1000028458|55|00|1|000004930|22200122030835000127550010000049301183927841|15012020|15012020|50,00|0|10,16||60,16|9||||0|0||||||||
|C190|500|5405||50,00|0|0|0|0|0|0||
|C100|1|0|1000031840|55|00|1|000004931|22200122030835000127550010000049311372430356|15012020|15012020|150,00|0|43,00||193,00|9||||0|0||||||||
|C190|500|5405||150,00|0|0|0|0|0|0||
|C100|1|0|793|55|00|1|000004932|22200122030835000127550010000049321791062302|15012020|15012020|134,40|0|33,60||168,00|9||||0|0||||||||
|C190|500|5405||134,40|0|0|0|0|0|0||
|C100|1|0|1000006974|55|00|1|000004933|22200122030835000127550010000049331798550458|16012020|16012020|219,00|0|54,75||273,75|9||||0|0||||||||
|C190|500|5405||219,00|0|0|0|0|0|0||
|C100|1|0|791488|55|00|1|000004934|22200122030835000127550010000049341764489958|16012020|16012020|265,50|1|29,50||295,00|9||||0|0||||||||
|C190|500|5405||265,50|0|0|0|0|0|0||
|C100|1|0|1114036|55|00|1|000004935|22200122030835000127550010000049351233770572|16012020|16012020|189,00|1|21,00||210,00|9||||0|0||||||||
|C190|500|5405||189,00|0|0|0|0|0|0||
|C100|1|0|1000031840|55|00|1|000004936|22200122030835000127550010000049361791062301|16012020|16012020|1168,24|1|292,06||1460,30|9||||0|0||||||||
|C190|500|5405||1168,24|0|0|0|0|0|0||
|C100|0|0|1000082802|55|00|1|000004937|22200122030835000127550010000049371907335918|16012020|16012020|57,06|0|6,94||64,00|9||||0|0||||||||
|C190|060|1411||57,06|0|0|0|0|0|0||
|C100|1|0|1000070588|55|00|1|000004938|22200122030835000127550010000049381787760339|16012020|16012020|11,25|0|3,75||15,00|9||||0|0||||||||
|C190|500|5405||11,25|0|0|0|0|0|0||
|C100|1|0|1000082792|55|00|1|000004939|22200122030835000127550010000049391590079543|16012020|16012020|375,00|1|43,50||418,50|9||||0|0||||||||
|C190|500|5405||375,00|0|0|0|0|0|0||
|C100|1|0|1000031840|55|00|1|000004940|22200122030835000127550010000049401786876129|16012020|16012020|185,39|0|52,29||237,68|9||||0|0||||||||
|C190|500|5405||185,39|0|0|0|0|0|0||
|C100|1|0|1000031839|55|00|1|000004941|22200122030835000127550010000049411226282417|16012020|16012020|627,00|0|228,00||855,00|9||||0|0||||||||
|C190|500|6403||627,00|0|0|0|0|0|0||
|C100|1|0|1000031839|55|00|1|000004942|22200122030835000127550010000049421494580267|16012020|16012020|101,40|0|28,60||130,00|9||||0|0||||||||
|C190|500|6403||101,40|0|0|0|0|0|0||
|C100|1|0|1000031840|55|00|1|000004943|22200122030835000127550010000049431360834300|16012020|16012020|81,12|0|22,88||104,00|9||||0|0||||||||
|C190|500|5405||81,12|0|0|0|0|0|0||
|C100|1|0|1000031840|55|00|1|000004944|22200122030835000127550010000049441666494627|16012020|16012020|17,00|0|5,00||22,00|9||||0|0||||||||
|C190|500|5405||17,00|0|0|0|0|0|0||
|C100|1|0|1000069245|55|00|1|000004945|22200122030835000127550010000049451792752432|16012020|16012020|60,00|1|7,00||67,00|9||||0|0||||||||
|C190|500|6404||60,00|0|0|0|0|0|0||
|C100|1|0|675|55|00|1|000004946|22200122030835000127550010000049461725437358|16012020|16012020|1204,30|1|516,13||1720,43|9||||0|0||||||||
|C190|500|5405||1204,30|0|0|0|0|0|0||
|C100|1|0|675|55|00|1|000004947|22200122030835000127550010000049471752009709|16012020|16012020|1768,65|1|757,99||2526,64|9||||0|0||||||||
|C190|500|5405||1768,65|0|0|0|0|0|0||
|C100|1|0|1000070588|55|00|1|000004948|22200122030835000127550010000049481395700721|16012020|16012020|23,00|0|8,42||31,42|9||||0|0||||||||
|C190|500|5405||23,00|0|0|0|0|0|0||
|C100|1|0|1000070589|55|00|1|000004949|22200122030835000127550010000049491460519760|16012020|16012020|34,30|0|14,70||49,00|9||||0|0||||||||
|C190|500|5405||34,30|0|0|0|0|0|0||
|C100|1|0|1000070588|55|00|1|000004950|22200122030835000127550010000049501582591394|16012020|16012020|18,75|0|6,25||25,00|9||||0|0||||||||
|C190|500|5405||18,75|0|0|0|0|0|0||
|C100|1|0|1000047960|55|00|1|000004951|22200122030835000127550010000049511170641669|16012020|16012020|60,00|1|15,00||75,00|9||||0|0||||||||
|C190|500|5405||60,00|0|0|0|0|0|0||
|C100|1|0|789929|55|00|1|000004952|22200122030835000127550010000049521184733762|16012020|16012020|375,38|1|93,85||469,23|9||||0|0||||||||
|C190|500|5405||375,38|0|0|0|0|0|0||
|C100|1|0|1000031840|55|00|1|000004953|22200122030835000127550010000049531495386182|16012020|16012020|159,00|0|45,00||204,00|9||||0|0||||||||
|C190|500|5405||159,00|0|0|0|0|0|0||
|C100|1|0|1112746|55|00|1|000004954|22200122030835000127550010000049541623255848|16012020|16012020|205,76|1|51,44||257,20|9||||0|0||||||||
|C190|500|5405||205,76|0|0|0|0|0|0||
|C100|1|0|1000023640|55|00|1|000004955|22200122030835000127550010000049551967162848|16012020|16012020|184,00|1|46,00||230,00|9||||0|0||||||||
|C190|500|5405||184,00|0|0|0|0|0|0||
|C100|1|0|90003774|55|00|1|000004956|22200122030835000127550010000049561895739866|16012020|16012020|120,00|1|30,00||150,00|9||||0|0||||||||
|C190|500|5405||120,00|0|0|0|0|0|0||
|C100|1|0|3344|55|00|1|000004957|22200122030835000127550010000049571206314011|17012020|17012020|132,00|0|33,00||165,00|9||||0|0||||||||
|C190|500|5405||132,00|0|0|0|0|0|0||
|C100|0|0|1000082803|55|00|1|000004958|22200122030835000127550010000049581307689603|17012020|17012020|140,00|0|25,00||165,00|9||||0|0||||||||
|C190|060|1411||140,00|0|0|0|0|0|0||
|C100|1|0|1000005476|55|00|1|000004959|22200122030835000127550010000049591493696056|17012020|17012020|315,94|1|55,76||371,70|9||||0|0||||||||
|C190|500|5405||315,94|0|0|0|0|0|0||
|C100|1|0|1000070594|55|00|1|000004960|22200122030835000127550010000049601337563924|17012020|17012020|697,52|1|196,74||894,26|9||||0|0||||||||
|C190|500|5405||697,52|0|0|0|0|0|0||
|C100|1|0|1000059138|55|00|1|000004961|22200122030835000127550010000049611625751898|17012020|17012020|365,96|1|121,99||487,95|9||||0|0||||||||
|C190|500|5405||365,96|0|0|0|0|0|0||
|C100|1|0|1000016108|55|00|1|000004962|22200122030835000127550010000049621712151179|17012020|17012020|316,02|1|79,00||395,02|9||||0|0||||||||
|C190|500|5405||316,02|0|0|0|0|0|0||
|C100|1|0|1000079819|55|00|1|000004963|22200122030835000127550010000049631769482058|17012020|17012020|147,50|0|25,00||172,50|9||||0|0||||||||
|C190|500|5405||147,50|0|0|0|0|0|0||
|C100|0|0|1000082794|55|00|1|000004964|22200122030835000127550010000049641523648666|17012020|17012020|150,00|0|21,80||171,80|9||||0|0||||||||
|C190|060|2411||150,00|0|0|0|0|0|0||
|C100|1|0|672|55|00|1|000004965|22200122030835000127550010000049651789372171|17012020|17012020|360,00|1|90,00||450,00|9||||0|0||||||||
|C190|500|5405||360,00|0|0|0|0|0|0||
|C100|1|0|1000041100|55|00|1|000004966|22200122030835000127550010000049661283613302|17012020|17012020|94,40|0|23,60||118,00|9||||0|0||||||||
|C190|500|6403||94,40|0|0|0|0|0|0||
|C100|1|0|1115074|55|00|1|000004967|22200122030835000127550010000049671553522999|17012020|17012020|101,60|1|25,40||127,00|9||||0|0||||||||
|C190|500|5405||101,60|0|0|0|0|0|0||
|C100|1|0|1112737|55|00|1|000004968|22200122030835000127550010000049681128287086|17012020|17012020|68,16|1|17,04||85,20|9||||0|0||||||||
|C190|500|6403||68,16|0|0|0|0|0|0||
|C100|1|0|1730|55|00|1|000004969|22200122030835000127550010000049691593381517|17012020|17012020|700,00|1|190,00||890,00|9||||0|0||||||||
|C190|500|5405||700,00|0|0|0|0|0|0||
|C100|1|0|1000070588|55|00|1|000004970|22200122030835000127550010000049701058475952|17012020|17012020|41,25|0|13,75||55,00|9||||0|0||||||||
|C190|500|5405||41,25|0|0|0|0|0|0||
|C100|1|0|1000070594|55|00|1|000004972|22200122030835000127550010000049721823432687|17012020|17012020|1352,16|1|450,72||1802,88|9||||0|0||||||||
|C190|500|5405||1352,16|0|0|0|0|0|0||
|C100|1|0|1000070588|55|00|1|000004973|22200122030835000127550010000049731472921734|17012020|17012020|64,80|0|21,60||86,40|9||||0|0||||||||
|C190|500|5405||64,80|0|0|0|0|0|0||
|C100|0|0|1000070588|55|00|1|000004974|22200122030835000127550010000049741153169315|18012020|18012020|64,80|0|21,60||86,40|9||||0|0||||||||
|C190|060|1411||64,80|0|0|0|0|0|0||
|C100|1|0|1000070588|55|00|1|000004975|22200122030835000127550010000049751788566254|18012020|18012020|60,41|0|20,14||80,55|9||||0|0||||||||
|C190|500|5405||60,41|0|0|0|0|0|0||
|C100|1|0|199849|55|00|1|000004976|22200122030835000127550010000049761920622087|18012020|18012020|219,17|1|93,93||313,10|9||||0|0||||||||
|C190|500|5405||219,17|0|0|0|0|0|0||
|C100|1|0|199849|55|00|1|000004977|22200122030835000127550010000049771994541118|18012020|18012020|544,60|1|233,40||778,00|9||||0|0||||||||
|C190|500|5405||544,60|0|0|0|0|0|0||
|C100|1|0|199849|55|00|1|000004978|22200122030835000127550010000049781933908264|18012020|18012020|438,20|1|187,80||626,00|9||||0|0||||||||
|C190|500|5405||438,20|0|0|0|0|0|0||
|C100|1|0|199849|55|00|1|000004979|22200122030835000127550010000049791090040406|18012020|18012020|69,30|1|29,70||99,00|9||||0|0||||||||
|C190|500|5405||69,30|0|0|0|0|0|0||
|C100|1|0|199849|55|00|1|000004980|22200122030835000127550010000049801973766795|18012020|18012020|220,50|1|94,50||315,00|9||||0|0||||||||
|C190|500|5405||220,50|0|0|0|0|0|0||
|C100|1|0|199849|55|00|1|000004981|22200122030835000127550010000049811115000915|18012020|18012020|1049,13|1|449,62||1498,75|9||||0|0||||||||
|C190|500|5405||1049,13|0|0|0|0|0|0||
|C100|1|0|199849|55|00|1|000004982|22200122030835000127550010000049821492890132|18012020|18012020|203,00|1|87,00||290,00|9||||0|0||||||||
|C190|500|5405||203,00|0|0|0|0|0|0||
|C100|1|0|199849|55|00|1|000004983|22200122030835000127550010000049831957178649|18012020|18012020|84,00|1|36,00||120,00|9||||0|0||||||||
|C190|500|5405||84,00|0|0|0|0|0|0||
|C100|1|0|1000070588|55|00|1|000004984|22200122030835000127550010000049841664804497|18012020|18012020|5,00|0|1,28||6,28|9||||0|0||||||||
|C190|500|5405||5,00|0|0|0|0|0|0||
|C100|1|0|199849|55|00|1|000004985|22200122030835000127550010000049851149061410|18012020|18012020|91,00|1|39,00||130,00|9||||0|0||||||||
|C190|500|5405||91,00|0|0|0|0|0|0||
|C100|1|0|199849|55|00|1|000004986|22200122030835000127550010000049861988743099|18012020|18012020|91,00|1|39,00||130,00|9||||0|0||||||||
|C190|500|5405||91,00|0|0|0|0|0|0||
|C100|1|0|199849|55|00|1|000004987|22200122030835000127550010000049871364136270|18012020|18012020|308,00|1|132,00||440,00|9||||0|0||||||||
|C190|500|5405||308,00|0|0|0|0|0|0||
|C100|1|0|199849|55|00|1|000004988|22200122030835000127550010000049881134085115|18012020|18012020|374,06|1|160,31||534,37|9||||0|0||||||||
|C190|500|5405||374,06|0|0|0|0|0|0||
|C100|1|0|199849|55|00|1|000004989|22200122030835000127550010000049891085932511|18012020|18012020|747,60|1|320,40||1068,00|9||||0|0||||||||
|C190|500|5405||747,60|0|0|0|0|0|0||
|C100|1|0|199849|55|00|1|000004990|22200122030835000127550010000049901308495524|18012020|18012020|42,00|1|18,00||60,00|9||||0|0||||||||
|C190|500|5405||42,00|0|0|0|0|0|0||
|C100|1|0|199849|55|00|1|000004991|22200122030835000127550010000049911811836635|18012020|18012020|294,00|1|126,00||420,00|9||||0|0||||||||
|C190|500|5405||294,00|0|0|0|0|0|0||
|C100|1|0|199849|55|00|1|000004992|22200122030835000127550010000049921290217247|18012020|18012020|352,38|1|151,02||503,40|9||||0|0||||||||
|C190|500|5405||352,38|0|0|0|0|0|0||
|C100|1|0|199849|55|00|1|000004993|22200122030835000127550010000049931666494621|18012020|18012020|715,62|1|306,70||1022,32|9||||0|0||||||||
|C190|500|5405||715,62|0|0|0|0|0|0||
|C100|1|0|199849|55|00|1|000004994|22200122030835000127550010000049941548530889|18012020|18012020|42,00|1|18,00||60,00|9||||0|0||||||||
|C190|500|5405||42,00|0|0|0|0|0|0||
|C100|1|0|199849|55|00|1|000004995|22200122030835000127550010000049951113310785|18012020|18012020|80,50|1|34,50||115,00|9||||0|0||||||||
|C190|500|5405||80,50|0|0|0|0|0|0||
|C100|1|0|199849|55|00|1|000004996|22200122030835000127550010000049961984556916|18012020|18012020|444,72|1|190,60||635,32|9||||0|0||||||||
|C190|500|5405||444,72|0|0|0|0|0|0||
|C100|1|0|1000070588|55|00|1|000004997|22200122030835000127550010000049971301007371|18012020|18012020|260,25|1|86,75||347,00|9||||0|0||||||||
|C190|500|5405||260,25|0|0|0|0|0|0||
|C100|1|0|675|55|00|1|000004998|22200122030835000127550010000049981511168417|18012020|18012020|3493,88|1|1497,38||4991,26|9||||0|0||||||||
|C190|500|5405||3493,88|0|0|0|0|0|0||
|C100|1|0|675|55|00|1|000004999|22200122030835000127550010000049991112504860|18012020|18012020|1513,09|1|648,47||2161,56|9||||0|0||||||||
|C190|500|5405||1513,09|0|0|0|0|0|0||
|C100|1|0|1000082804|55|00|1|000005000|22200122030835000127550010000050001570111132|18012020|18012020|350,00|0|66,08||416,08|9||||0|0||||||||
|C190|500|5405||350,00|0|0|0|0|0|0||
|C100|0|0|1000070588|55|00|1|000005001|22200122030835000127550010000050011360834305|18012020|18012020|69,00|0|23,00||92,00|9||||0|0||||||||
|C190|060|1411||69,00|0|0|0|0|0|0||
|C100|1|0|1100362|55|00|1|000005002|22200122030835000127550010000050021010323350|18012020|18012020|63,00|1|12,00||75,00|9||||0|0||||||||
|C190|500|5405||63,00|0|0|0|0|0|0||
|C100|1|0|1000070588|55|00|1|000005003|22200122030835000127550010000050031459635554|18012020|18012020|45,00|0|15,00||60,00|9||||0|0||||||||
|C190|500|5405||45,00|0|0|0|0|0|0||
|C100|1|0|1000031840|55|00|1|000005004|22200122030835000127550010000050041264450811|18012020|18012020|25,74|0|7,26||33,00|9||||0|0||||||||
|C190|500|5405||25,74|0|0|0|0|0|0||
|C100|1|0|675|55|00|1|000005005|22200122030835000127550010000050051776970200|18012020|18012020|3717,78|1|1593,34||5311,12|9||||0|0||||||||
|C190|500|5405||3717,78|0|0|0|0|0|0||
|C100|1|0|1000016108|55|00|1|000005006|22200122030835000127550010000050061703857109|18012020|18012020|103,80|1|25,95||129,75|9||||0|0||||||||
|C190|500|5405||103,80|0|0|0|0|0|0||
|C100|1|0|1465|55|00|1|000005007|22200122030835000127550010000050071049375950|18012020|18012020|210,66|1|52,66||263,32|9||||0|0||||||||
|C190|500|5405||210,66|0|0|0|0|0|0||
|C100|1|0|90000036|55|00|1|000005008|22200122030835000127550010000050081183927846|18012020|18012020|178,51|1|44,63||223,14|9||||0|0||||||||
|C190|500|6404||178,51|0|0|0|0|0|0||
|C100|1|0|1000070588|55|00|1|000005009|22200122030835000127550010000050091173137718|18012020|18012020|50,14|0|18,86||69,00|9||||0|0||||||||
|C190|500|5405||50,14|0|0|0|0|0|0||
|C100|1|0|675|55|00|1|000005010|22200122030835000127550010000050101837603066|18012020|18012020|4559,71|1|1954,16||6513,87|9||||0|0||||||||
|C190|500|5405||4559,71|0|0|0|0|0|0||
|C100|1|0|90001703|55|00|1|000005011|22200122030835000127550010000050111724631428|20012020|20012020|2271,16|1|||2271,16|9||||0|0||||||||
|C190|500|5405||2271,16|0|0|0|0|0|0||
|C100|1|0|1000023640|55|00|1|000005012|22200122030835000127550010000050121516966436|20012020|20012020|48,00|1|12,00||60,00|9||||0|0||||||||
|C190|500|5405||48,00|0|0|0|0|0|0||
|C100|1|0|1000023640|55|00|1|000005013|22200122030835000127550010000050131622449919|20012020|20012020|107,20|1|26,80||134,00|9||||0|0||||||||
|C190|500|5405||107,20|0|0|0|0|0|0||
|C100|1|0|1000033795|55|00|1|000005014|22200122030835000127550010000050141258652790|20012020|20012020|168,50|0|42,13||210,63|9||||0|0||||||||
|C190|500|5405||168,50|0|0|0|0|0|0||
|C100|1|0|90003774|55|00|1|000005015|22200122030835000127550010000050151489588164|20012020|20012020|62,83|1|15,71||78,54|9||||0|0||||||||
|C190|500|5405||62,83|0|0|0|0|0|0||
|C100|1|0|1000005476|55|00|1|000005016|22200122030835000127550010000050161315983677|20012020|20012020|337,25|1|59,52||396,77|9||||0|0||||||||
|C190|500|5405||337,25|0|0|0|0|0|0||
|C100|1|0|789746|55|00|1|000005017|22200122030835000127550010000050171134085119|20012020|20012020|201,70|1|22,41||224,11|9||||0|0||||||||
|C190|500|5405||201,70|0|0|0|0|0|0||
|C100|1|0|1000031839|55|00|1|000005018|22200122030835000127550010000050181551026936|20012020|20012020|390,00|0|107,50||497,50|9||||0|0||||||||
|C190|500|6403||390,00|0|0|0|0|0|0||
|C100|1|0|1000070589|55|00|1|000005020|22200122030835000127550010000050201581785477|20012020|20012020|22,96|0|9,84||32,80|9||||0|0||||||||
|C190|500|5405||22,96|0|0|0|0|0|0||
|C100|1|0|90007844|55|00|1|000005021|22200122030835000127550010000050211629132149|20012020|20012020|240,00|0|80,00||320,00|9||||0|0||||||||
|C190|500|5405||240,00|0|0|0|0|0|0||
|C100|1|0|100002099|55|00|1|000005022|22200122030835000127550010000050221020307554|20012020|20012020|364,03|1|91,01||455,04|9||||0|0||||||||
|C190|500|5405||364,03|0|0|0|0|0|0||
|C100|1|0|1465|55|00|1|000005023|22200122030835000127550010000050231604171641|20012020|20012020|219,60|1|24,40||244,00|9||||0|0||||||||
|C190|500|5405||219,60|0|0|0|0|0|0||
|C100|1|0|1000070588|55|00|1|000005024|22200122030835000127550010000050241193027833|20012020|20012020|29,00|0|10,00||39,00|9||||0|0||||||||
|C190|500|5405||29,00|0|0|0|0|0|0||
|C100|1|0|675|55|00|1|000005025|22200122030835000127550010000050251416475056|20012020|20012020|5398,97|1|2313,84||7712,81|9||||0|0||||||||
|C190|500|5405||5398,97|0|0|0|0|0|0||
|C100|1|0|675|55|00|1|000005026|22200122030835000127550010000050261100830538|20012020|20012020|4735,16|1|2029,36||6764,52|9||||0|0||||||||
|C190|500|5405||4735,16|0|0|0|0|0|0||
|C100|1|0|1000070588|55|00|1|000005027|22200122030835000127550010000050271193027835|20012020|20012020|29,00|0|10,00||39,00|9||||0|0||||||||
|C190|500|5405||29,00|0|0|0|0|0|0||
|C100|1|0|100004812|55|00|1|000005028|22200122030835000127550010000050281862485289|20012020|20012020|920,94|1|306,98||1227,92|9||||0|0||||||||
|C190|500|5405||920,94|0|0|0|0|0|0||
|C100|1|0|675|55|00|1|000005029|22200122030835000127550010000050291848393183|20012020|20012020|2375,45|1|1018,05||3393,50|9||||0|0||||||||
|C190|500|5405||2375,45|0|0|0|0|0|0||
|C100|1|0|1000070594|55|00|1|000005030|22200122030835000127550010000050301358338250|20012020|20012020|208,44|1|58,79||267,23|9||||0|0||||||||
|C190|500|5405||208,44|0|0|0|0|0|0||
|C100|1|0|1000048748|55|00|1|000005031|22200122030835000127550010000050311951380615|20012020|20012020|216,00|1|24,00||240,00|9||||0|0||||||||
|C190|500|5405||216,00|0|0|0|0|0|0||
|C100|1|0|1000070594|55|00|1|000005032|22200122030835000127550010000050321096722630|20012020|20012020|212,25|1|70,75||283,00|9||||0|0||||||||
|C190|500|5405||212,25|0|0|0|0|0|0||
|C100|1|0|1114036|55|00|1|000005033|22200122030835000127550010000050331521152611|20012020|20012020|291,21|1|32,36||323,57|9||||0|0||||||||
|C190|500|5405||291,21|0|0|0|0|0|0||
|C100|1|0|789929|55|00|1|000005034|22200122030835000127550010000050341822626750|20012020|20012020|168,00|1|19,00||187,00|9||||0|0||||||||
|C190|500|5405||168,00|0|0|0|0|0|0||
|C100|1|0|1000070591|55|00|1|000005035|22200122030835000127550010000050351453031600|21012020|21012020|74,20|0|31,80||106,00|9||||0|0||||||||
|C190|500|5405||74,20|0|0|0|0|0|0||
|C100|1|0|790502|55|00|1|000005036|22200122030835000127550010000050361355036272|21012020|21012020|111,15|1|27,79||138,94|9||||0|0||||||||
|C190|500|5405||111,15|0|0|0|0|0|0||
|C100|1|0|1000031840|55|00|1|000005037|22200122030835000127550010000050371383220470|21012020|21012020|41,34|0|11,66||53,00|9||||0|0||||||||
|C190|500|5405||41,34|0|0|0|0|0|0||
|C100|1|0|1000031840|55|00|1|000005038|22200122030835000127550010000050381741219576|21012020|21012020|140,40|0|39,60||180,00|9||||0|0||||||||
|C190|500|5405||140,40|0|0|0|0|0|0||
|C100|0|0|1115051|55|00|1|000005039|22200122030835000127550010000050391176439692|21012020|21012020|578,00|0|102,00||680,00|9||||0|0||||||||
|C190|060|1411||578,00|0|0|0|0|0|0||
|C100|0|0|1000029612|55|00|1|000005040|22200122030835000127550010000050401105822630|21012020|21012020|351,35|0|39,04||390,39|9||||0|0||||||||
|C190|060|1411||351,35|0|0|0|0|0|0||
|C100|1|0|675|55|00|1|000005041|22200122030835000127550010000050411464627654|21012020|21012020|4429,99|1|1898,56||6328,55|9||||0|0||||||||
|C190|500|5405||4429,99|0|0|0|0|0|0||
|C100|1|0|1000031840|55|00|1|000005042|22200122030835000127550010000050421517772359|21012020|21012020|17,27|0|4,87||22,14|9||||0|0||||||||
|C190|500|5405||17,27|0|0|0|0|0|0||
|C100|1|0|90002900|55|00|1|000005043|22200122030835000127550010000050431324277744|21012020|21012020|12,40|0|3,10||15,50|9||||0|0||||||||
|C190|500|5405||12,40|0|0|0|0|0|0||
|C100|1|0|1000047960|55|00|1|000005044|22200122030835000127550010000050441458023710|21012020|21012020|165,00|1|31,00||196,00|9||||0|0||||||||
|C190|500|5405||165,00|0|0|0|0|0|0||
|C100|1|0|1000070588|55|00|1|000005045|22200122030835000127550010000050451329269850|21012020|21012020|58,50|0|19,50||78,00|9||||0|0||||||||
|C190|500|5405||58,50|0|0|0|0|0|0||
|C100|1|0|1000070594|55|00|1|000005046|22200122030835000127550010000050461997843092|21012020|21012020|148,11|1|49,37||197,48|9||||0|0||||||||
|C190|500|5405||148,11|0|0|0|0|0|0||
|C100|1|0|1000070590|55|00|1|000005048|22200122030835000127550010000050481845897135|21012020|21012020|247,60|0|61,90||309,50|9||||0|0||||||||
|C190|500|5405||247,60|0|0|0|0|0|0||
|C100|1|0|1000064999|55|00|1|000005049|22200122030835000127550010000050491849199103|21012020|21012020|56,25|0|18,75||75,00|9||||0|0||||||||
|C190|500|5405||56,25|0|0|0|0|0|0||
|C100|1|0|1000054544|55|00|1|000005050|22200122030835000127550010000050501400692829|21012020|21012020|1405,80|1|156,20||1562,00|9||||0|0||||||||
|C190|500|5405||1405,80|0|0|0|0|0|0||
|C100|1|0|1000070588|55|00|1|000005051|22200122030835000127550010000050511335067870|21012020|21012020|21,00|0|7,00||28,00|9||||0|0||||||||
|C190|500|5405||21,00|0|0|0|0|0|0||
|C100|1|0|1000031840|55|00|1|000005052|22200122030835000127550010000050521509478281|21012020|21012020|216,84|0|61,16||278,00|9||||0|0||||||||
|C190|500|5405||216,84|0|0|0|0|0|0||
|C100|1|0|1000070588|55|00|1|000005053|22200122030835000127550010000050531121604852|21012020|21012020|42,00|0|14,00||56,00|9||||0|0||||||||
|C190|500|5405||42,00|0|0|0|0|0|0||
|C100|1|0|1000070588|55|00|1|000005054|22200122030835000127550010000050541449729636|21012020|21012020|60,00|0|20,00||80,00|9||||0|0||||||||
|C190|500|5405||60,00|0|0|0|0|0|0||
|C100|1|0|1000070591|55|00|1|000005055|22200122030835000127550010000050551190531782|21012020|21012020|296,76|1|127,18||423,94|9||||0|0||||||||
|C190|500|5405||296,76|0|0|0|0|0|0||
|C100|1|0|1000031840|55|00|1|000005056|22200122030835000127550010000050561158161417|21012020|21012020|63,96|0|18,04||82,00|9||||0|0||||||||
|C190|500|5405||63,96|0|0|0|0|0|0||
|C100|1|0|1000070591|55|00|1|000005057|22200122030835000127550010000050571659006470|21012020|21012020|5,60|0|2,40||8,00|9||||0|0||||||||
|C190|500|5405||5,60|0|0|0|0|0|0||
|C100|1|0|1112737|55|00|1|000005058|22200122030835000127550010000050581316789599|21012020|21012020|196,74|1|49,19||245,93|9||||0|0||||||||
|C190|500|6403||196,74|0|0|0|0|0|0||
|C100|1|0|1000031840|55|00|1|000005059|22200122030835000127550010000050591016121379|21012020|21012020|3,12|0|0,88||4,00|9||||0|0||||||||
|C190|500|5405||3,12|0|0|0|0|0|0||
|C100|1|0|1000023640|55|00|1|000005060|22200122030835000127550010000050601125791031|21012020|21012020|65,60|1|16,40||82,00|9||||0|0||||||||
|C190|500|5405||65,60|0|0|0|0|0|0||
|C100|1|0|1000070588|55|00|1|000005061|22200122030835000127550010000050611355036275|21012020|21012020|76,00|0|25,70||101,70|9||||0|0||||||||
|C190|500|5405||76,00|0|0|0|0|0|0||
|C100|1|0|1000070588|55|00|1|000005062|22200122030835000127550010000050621642418320|21012020|21012020|37,50|0|12,50||50,00|9||||0|0||||||||
|C190|500|5405||37,50|0|0|0|0|0|0||
|C100|1|0|1000070594|55|00|1|000005063|22200122030835000127550010000050631717949198|21012020|21012020|279,75|1|93,25||373,00|9||||0|0||||||||
|C190|500|5405||279,75|0|0|0|0|0|0||
|C100|1|0|619|55|00|1|000005064|22200122030835000127550010000050641292713293|21012020|21012020|114,88|1|28,72||143,60|9||||0|0||||||||
|C190|500|5405||114,88|0|0|0|0|0|0||
|C100|1|0|1000070594|55|00|1|000005065|22200122030835000127550010000050651255350821|21012020|21012020|640,07|1|180,53||820,60|9||||0|0||||||||
|C190|500|5405||640,07|0|0|0|0|0|0||
|C100|1|0|633|55|00|1|000005066|22200122030835000127550010000050661526950630|22012020|22012020|1440,00|1|360,00||1800,00|9||||0|0||||||||
|C190|500|5405||1440,00|0|0|0|0|0|0||
|C100|1|0|1000006974|55|00|1|000005067|22200122030835000127550010000050671840905038|22012020|22012020|175,68|0|43,92||219,60|9||||0|0||||||||
|C190|500|5405||175,68|0|0|0|0|0|0||
|C100|1|0|1000070588|55|00|1|000005068|22200122030835000127550010000050681327579724|22012020|22012020|48,00|0|16,00||64,00|9||||0|0||||||||
|C190|500|5405||48,00|0|0|0|0|0|0||
|C100|1|0|1114036|55|00|1|000005069|22200122030835000127550010000050691205508099|22012020|22012020|829,67|1|92,18||921,85|9||||0|0||||||||
|C190|500|5405||829,67|0|0|0|0|0|0||
|C100|1|0|1000006179|55|00|1|000005070|22200122030835000127550010000050701747017603|22012020|22012020|321,60|1|80,40||402,00|9||||0|0||||||||
|C190|500|5405||321,60|0|0|0|0|0|0||
|C100|1|0|1000031836|55|00|1|000005071|22200122030835000127550010000050711754505755|22012020|22012020|49,20|1|12,30||61,50|9||||0|0||||||||
|C190|500|5405||49,20|0|0|0|0|0|0||
|C100|1|0|619|55|00|1|000005072|22200122030835000127550010000050721982060860|22012020|22012020|56,00|1|14,00||70,00|9||||0|0||||||||
|C190|500|5405||56,00|0|0|0|0|0|0||
|C100|1|0|1730|55|00|1|000005073|22200122030835000127550010000050731350044173|22012020|22012020|80,00|1|20,00||100,00|9||||0|0||||||||
|C190|500|5405||80,00|0|0|0|0|0|0||
|C100|1|0|633|55|00|1|000005074|22200122030835000127550010000050741065158180|22012020|22012020|237,31|1|59,33||296,64|9||||0|0||||||||
|C190|500|5405||237,31|0|0|0|0|0|0||
|C100|1|0|1000064999|55|00|1|000005075|22200122030835000127550010000050751543538784|22012020|22012020|198,03|1|66,01||264,04|9||||0|0||||||||
|C190|500|5405||198,03|0|0|0|0|0|0||
|C100|1|0|675|55|00|1|000005076|22200122030835000127550010000050761908141835|22012020|22012020|4551,13|1|1950,48||6501,61|9||||0|0||||||||
|C190|500|5405||4551,13|0|0|0|0|0|0||
|C100|1|0|1714|55|00|1|000005077|22200122030835000127550010000050771773589954|22012020|22012020|176,00|1|44,00||220,00|9||||0|0||||||||
|C190|500|5405||176,00|0|0|0|0|0|0||
|C100|1|0|1000070590|55|00|1|000005078|22200122030835000127550010000050781962976669|22012020|22012020|363,20|0|90,80||454,00|9||||0|0||||||||
|C190|500|5405||363,20|0|0|0|0|0|0||
|C100|1|0|1000070590|55|00|1|000005079|22200122030835000127550010000050791361640221|22012020|22012020|152,00|0|38,00||190,00|9||||0|0||||||||
|C190|500|5405||152,00|0|0|0|0|0|0||
|C100|1|0|1000070591|55|00|1|000005080|22200122030835000127550010000050801997843094|22012020|22012020|56,42|1|24,18||80,60|9||||0|0||||||||
|C190|500|5405||56,42|0|0|0|0|0|0||
|C100|1|0|1000048748|55|00|1|000005081|22200122030835000127550010000050811345857996|22012020|22012020|165,01|1|18,34||183,35|9||||0|0||||||||
|C190|500|5405||165,01|0|0|0|0|0|0||
|C100|1|0|1730|55|00|1|000005082|22200122030835000127550010000050821260342921|22012020|22012020|186,90|1|46,73||233,63|9||||0|0||||||||
|C190|500|5405||186,90|0|0|0|0|0|0||
|C100|1|0|1000070588|55|00|1|000005083|22200122030835000127550010000050831582591390|22012020|22012020|225,00|0|75,00||300,00|9||||0|0||||||||
|C190|500|5405||225,00|0|0|0|0|0|0||
|C100|1|0|1115051|55|00|1|000005084|22200122030835000127550010000050841126596960|22012020|22012020|289,00|1|51,00||340,00|9||||0|0||||||||
|C190|500|5405||289,00|0|0|0|0|0|0||
|C100|1|0|1112737|55|00|1|000005085|22200122030835000127550010000050851677284740|22012020|22012020|280,47|1|70,12||350,59|9||||0|0||||||||
|C190|500|6403||280,47|0|0|0|0|0|0||
|C100|1|0|1101127|55|00|1|000005086|22200122030835000127550010000050861788566253|22012020|22012020|44,00|1|11,00||55,00|9||||0|0||||||||
|C190|500|5405||44,00|0|0|0|0|0|0||
|C100|1|0|1000031840|55|00|1|000005087|22200122030835000127550010000050871144069315|22012020|22012020|14,82|0|4,18||19,00|9||||0|0||||||||
|C190|500|5405||14,82|0|0|0|0|0|0||
|C100|1|0|1000070588|55|00|1|000005088|22200122030835000127550010000050881587583490|22012020|22012020|52,80|0|17,60||70,40|9||||0|0||||||||
|C190|500|5405||52,80|0|0|0|0|0|0||
|C100|1|0|1000070593|55|00|1|000005089|22200122030835000127550010000050891942202335|22012020|22012020|490,00|1|54,82||544,82|9||||0|0||||||||
|C190|500|5405||490,00|0|0|0|0|0|0||
|C100|1|0|1465|55|00|1|000005090|22200122030835000127550010000050901453031601|23012020|23012020|490,13|1|54,46||544,59|9||||0|0||||||||
|C190|500|5405||490,13|0|0|0|0|0|0||
|C100|1|0|675|55|00|1|000005091|22200122030835000127550010000050911810146509|23012020|23012020|2355,78|1|1009,62||3365,40|9||||0|0||||||||
|C190|500|5405||2355,78|0|0|0|0|0|0||
|C100|1|0|1465|55|00|1|000005092|22200122030835000127550010000050921173137714|23012020|23012020|250,64|1|27,85||278,49|9||||0|0||||||||
|C190|500|5405||250,64|0|0|0|0|0|0||
|C100|1|0|90001360|55|00|1|000005093|22200122030835000127550010000050931981254947|23012020|23012020|153,30|1|17,03||170,33|9||||0|0||||||||
|C190|500|5405||153,30|0|0|0|0|0|0||
|C100|1|0|1000031840|55|00|1|000005094|22200122030835000127550010000050941228778478|23012020|23012020|155,77|1|43,93||199,70|9||||0|0||||||||
|C190|500|5405||155,77|0|0|0|0|0|0||
|C100|1|0|1465|55|00|1|000005095|22200122030835000127550010000050951781078104|23012020|23012020|777,60|1|86,40||864,00|9||||0|0||||||||
|C190|500|5405||777,60|0|0|0|0|0|0||
|C100|1|0|1100362|55|00|1|000005096|22200122030835000127550010000050961163153511|23012020|23012020|63,75|1|11,25||75,00|9||||0|0||||||||
|C190|500|5405||63,75|0|0|0|0|0|0||
|C100|1|0|1000054667|55|00|1|000005097|22200122030835000127550010000050971654014373|23012020|23012020|158,40|1|17,60||176,00|9||||0|0||||||||
|C190|500|5405||158,40|0|0|0|0|0|0||
|C100|1|0|1000006974|55|00|1|000005098|22200122030835000127550010000050981841710954|23012020|23012020|108,30|0|27,08||135,38|9||||0|0||||||||
|C190|500|5405||108,30|0|0|0|0|0|0||
|C100|1|0|1000031840|55|00|1|000005099|22200122030835000127550010000050991226282412|23012020|23012020|106,55|1|30,05||136,60|9||||0|0||||||||
|C190|500|5405||106,55|0|0|0|0|0|0||
|C100|0|0|1000082806|55|00|1|000005100|22200122030835000127550010000051001873275404|23012020|23012020|35,83|0|4,17||40,00|9||||0|0||||||||
|C190|060|2411||35,83|0|0|0|0|0|0||
|C100|1|0|1000070589|55|00|1|000005101|22200122030835000127550010000051011050181880|23012020|23012020|609,00|0|261,00||870,00|9||||0|0||||||||
|C190|500|5405||609,00|0|0|0|0|0|0||
|C100|1|0|1000070589|55|00|1|000005102|22200122030835000127550010000051021774474152|23012020|23012020|1680,00|0|720,00||2400,00|9||||0|0||||||||
|C190|500|5405||1680,00|0|0|0|0|0|0||
|C100|1|0|619|55|00|1|000005103|22200122030835000127550010000051031147371280|23012020|23012020|92,00|1|23,00||115,00|9||||0|0||||||||
|C190|500|5405||92,00|0|0|0|0|0|0||
|C100|1|0|1000070594|55|00|1|000005104|22200122030835000127550010000051041845897136|23012020|23012020|935,84|1|311,94||1247,78|9||||0|0||||||||
|C190|500|5405||935,84|0|0|0|0|0|0||
|C100|1|0|1114036|55|00|1|000005105|22200122030835000127550010000051051211306115|23012020|23012020|334,33|1|37,15||371,48|9||||0|0||||||||
|C190|500|5405||334,33|0|0|0|0|0|0||
|C100|1|0|3344|55|00|1|000005106|22200122030835000127550010000051061820130707|23012020|23012020|116,00|0|29,00||145,00|9||||0|0||||||||
|C190|500|5405||116,00|0|0|0|0|0|0||
|C100|1|0|675|55|00|1|000005107|22200122030835000127550010000051071648216340|23012020|23012020|1101,73|1|472,17||1573,90|9||||0|0||||||||
|C190|500|5405||1101,73|0|0|0|0|0|0||
|C100|1|0|1000070588|55|00|1|000005108|22200122030835000127550010000051081668990677|23012020|23012020|281,73|1|120,74||402,47|9||||0|0||||||||
|C190|500|5405||281,73|0|0|0|0|0|0||
|C100|1|0|791735|55|00|1|000005109|22200122030835000127550010000051091790256386|23012020|23012020|596,80|1|149,20||746,00|9||||0|0||||||||
|C190|500|5405||596,80|0|0|0|0|0|0||
|C100|1|0|199849|55|00|1|000005110|22200122030835000127550010000051101641534113|23012020|23012020|238,00|1|102,00||340,00|9||||0|0||||||||
|C190|500|5405||238,00|0|0|0|0|0|0||
|C100|1|0|199849|55|00|1|000005111|22200122030835000127550010000051111331765904|23012020|23012020|926,73|1|397,17||1323,90|9||||0|0||||||||
|C190|500|5405||926,73|0|0|0|0|0|0||
|C100|1|0|199849|55|00|1|000005112|22200122030835000127550010000051121208004140|23012020|23012020|199,50|1|85,50||285,00|9||||0|0||||||||
|C190|500|5405||199,50|0|0|0|0|0|0||
|C100|1|0|199849|55|00|1|000005113|22200122030835000127550010000051131791868221|23012020|23012020|217,00|1|93,00||310,00|9||||0|0||||||||
|C190|500|5405||217,00|0|0|0|0|0|0||
|C100|1|0|199849|55|00|1|000005114|22200122030835000127550010000051141309301447|23012020|23012020|1089,20|1|466,80||1556,00|9||||0|0||||||||
|C190|500|5405||1089,20|0|0|0|0|0|0||
|C100|1|0|675|55|00|1|000005115|22200122030835000127550010000051151256156747|23012020|23012020|3312,50|1|1419,64||4732,14|9||||0|0||||||||
|C190|500|5405||3312,50|0|0|0|0|0|0||
|C100|1|0|199849|55|00|1|000005116|22200122030835000127550010000051161719639329|23012020|23012020|128,80|1|55,20||184,00|9||||0|0||||||||
|C190|500|5405||128,80|0|0|0|0|0|0||
|C100|1|0|199849|55|00|1|000005117|22200122030835000127550010000051171688074870|23012020|23012020|172,90|1|74,10||247,00|9||||0|0||||||||
|C190|500|5405||172,90|0|0|0|0|0|0||
|C100|1|0|199849|55|00|1|000005118|22200122030835000127550010000051181208810060|23012020|23012020|154,00|1|66,00||220,00|9||||0|0||||||||
|C190|500|5405||154,00|0|0|0|0|0|0||
|C100|1|0|199849|55|00|1|000005119|22200122030835000127550010000051191625751895|23012020|23012020|43,26|1|18,54||61,80|9||||0|0||||||||
|C190|500|5405||43,26|0|0|0|0|0|0||
|C100|1|0|199849|55|00|1|000005120|22200122030835000127550010000051201551026930|23012020|23012020|210,00|1|90,00||300,00|9||||0|0||||||||
|C190|500|5405||210,00|0|0|0|0|0|0||
|C100|1|0|199849|55|00|1|000005121|22200122030835000127550010000051211157355498|23012020|23012020|217,00|1|93,00||310,00|9||||0|0||||||||
|C190|500|5405||217,00|0|0|0|0|0|0||
|C100|1|0|199849|55|00|1|000005122|22200122030835000127550010000051221055173983|23012020|23012020|250,60|1|107,40||358,00|9||||0|0||||||||
|C190|500|5405||250,60|0|0|0|0|0|0||
|C100|1|0|199849|55|00|1|000005123|22200122030835000127550010000051231630743997|23012020|23012020|352,80|1|151,20||504,00|9||||0|0||||||||
|C190|500|5405||352,80|0|0|0|0|0|0||
|C100|1|0|199849|55|00|1|000005124|22200122030835000127550010000051241799356380|23012020|23012020|843,50|1|361,50||1205,00|9||||0|0||||||||
|C190|500|5405||843,50|0|0|0|0|0|0||
|C100|1|0|199849|55|00|1|000005125|22200122030835000127550010000051251251164640|23012020|23012020|142,38|1|61,02||203,40|9||||0|0||||||||
|C190|500|5405||142,38|0|0|0|0|0|0||
|C100|1|0|199849|55|00|1|000005126|22200122030835000127550010000051261120798937|23012020|23012020|332,50|1|142,50||475,00|9||||0|0||||||||
|C190|500|5405||332,50|0|0|0|0|0|0||
|C100|1|0|199849|55|00|1|000005127|22200122030835000127550010000051271131589061|23012020|23012020|794,53|1|340,51||1135,04|9||||0|0||||||||
|C190|500|5405||794,53|0|0|0|0|0|0||
|C100|1|0|199849|55|00|1|000005128|22200122030835000127550010000051281901537880|23012020|23012020|21,00|1|9,00||30,00|9||||0|0||||||||
|C190|500|5405||21,00|0|0|0|0|0|0||
|C100|1|0|199849|55|00|1|000005129|22200122030835000127550010000051291395700727|23012020|23012020|734,38|1|314,74||1049,12|9||||0|0||||||||
|C190|500|5405||734,38|0|0|0|0|0|0||
|C100|1|0|199849|55|00|1|000005130|22200122030835000127550010000051301847508986|23012020|23012020|390,32|1|167,28||557,60|9||||0|0||||||||
|C190|500|5405||390,32|0|0|0|0|0|0||
|C100|1|0|199849|55|00|1|000005131|22200122030835000127550010000051311477107912|23012020|23012020|469,00|1|201,00||670,00|9||||0|0||||||||
|C190|500|5405||469,00|0|0|0|0|0|0||
|C100|1|0|199849|55|00|1|000005132|22200122030835000127550010000051321332571828|23012020|23012020|1085,00|1|465,00||1550,00|9||||0|0||||||||
|C190|500|5405||1085,00|0|0|0|0|0|0||
|C100|1|0|199849|55|00|1|000005133|22200122030835000127550010000051331097528554|23012020|23012020|78,40|1|33,60||112,00|9||||0|0||||||||
|C190|500|5405||78,40|0|0|0|0|0|0||
|C100|1|0|199849|55|00|1|000005134|22200122030835000127550010000051341564313113|23012020|23012020|101,05|1|43,30||144,35|9||||0|0||||||||
|C190|500|5405||101,05|0|0|0|0|0|0||
|C100|1|0|199849|55|00|1|000005135|22200122030835000127550010000051351895739867|23012020|23012020|63,00|1|27,00||90,00|9||||0|0||||||||
|C190|500|5405||63,00|0|0|0|0|0|0||
|C100|1|0|199849|55|00|1|000005136|22200122030835000127550010000051361001223350|23012020|23012020|113,51|1|48,65||162,16|9||||0|0||||||||
|C190|500|5405||113,51|0|0|0|0|0|0||
|C100|1|0|199849|55|00|1|000005137|22200122030835000127550010000051371910637882|23012020|23012020|350,00|1|150,00||500,00|9||||0|0||||||||
|C190|500|5405||350,00|0|0|0|0|0|0||
|C100|1|0|199849|55|00|1|000005138|22200122030835000127550010000051381682276853|23012020|23012020|472,71|1|202,59||675,30|9||||0|0||||||||
|C190|500|5405||472,71|0|0|0|0|0|0||
|C100|1|0|199849|55|00|1|000005139|22200122030835000127550010000051391682276850|23012020|23012020|630,00|1|270,00||900,00|9||||0|0||||||||
|C190|500|5405||630,00|0|0|0|0|0|0||
|C100|1|0|199849|55|00|1|000005140|22200122030835000127550010000051401113310788|23012020|23012020|84,00|1|36,00||120,00|9||||0|0||||||||
|C190|500|5405||84,00|0|0|0|0|0|0||
|C100|1|0|199849|55|00|1|000005141|22200122030835000127550010000051411428955308|23012020|23012020|94,92|1|40,68||135,60|9||||0|0||||||||
|C190|500|5405||94,92|0|0|0|0|0|0||
|C100|1|0|199849|55|00|1|000005142|22200122030835000127550010000051421055979905|23012020|23012020|98,28|1|42,12||140,40|9||||0|0||||||||
|C190|500|5405||98,28|0|0|0|0|0|0||
|C100|1|0|199849|55|00|1|000005143|22200122030835000127550010000051431466317784|23012020|23012020|322,59|1|138,26||460,85|9||||0|0||||||||
|C190|500|5405||322,59|0|0|0|0|0|0||
|C100|1|0|199849|55|00|1|000005144|22200122030835000127550010000051441923118131|23012020|23012020|391,30|1|167,70||559,00|9||||0|0||||||||
|C190|500|5405||391,30|0|0|0|0|0|0||
|C100|1|0|199849|55|00|1|000005145|22200122030835000127550010000051451740413654|23012020|23012020|1025,50|1|439,50||1465,00|9||||0|0||||||||
|C190|500|5405||1025,50|0|0|0|0|0|0||
|C100|1|0|1100654|55|00|1|000005146|22200122030835000127550010000051461283613300|23012020|23012020|794,40|1|198,60||993,00|9||||0|0||||||||
|C190|500|5405||794,40|0|0|0|0|0|0||
|C100|1|0|1100654|55|00|1|000005147|22200122030835000127550010000051471966278639|23012020|23012020|108,00|1|27,00||135,00|9||||0|0||||||||
|C190|500|5405||108,00|0|0|0|0|0|0||
|C100|1|0|619|55|00|1|000005148|22200122030835000127550010000051481095032503|23012020|23012020|92,00|1|23,00||115,00|9||||0|0||||||||
|C190|500|5405||92,00|0|0|0|0|0|0||
|C100|1|0|1000070588|55|00|1|000005149|22200122030835000127550010000051491453837532|23012020|23012020|39,00|0|13,15||52,15|9||||0|0||||||||
|C190|500|5405||39,00|0|0|0|0|0|0||
|C100|1|0|1000070590|55|00|1|000005150|22200122030835000127550010000051501487898039|23012020|23012020|226,40|1|56,60||283,00|9||||0|0||||||||
|C190|500|5405||226,40|0|0|0|0|0|0||
|C100|1|0|1000031840|55|00|1|000005151|22200122030835000127550010000051511581785479|23012020|23012020|6,24|0|1,76||8,00|9||||0|0||||||||
|C190|500|5405||6,24|0|0|0|0|0|0||
|C100|1|0|1000054544|55|00|1|000005152|22200122030835000127550010000051521939706285|23012020|23012020|837,00|1|93,00||930,00|9||||0|0||||||||
|C190|500|5405||837,00|0|0|0|0|0|0||
|C100|1|0|1000031840|55|00|1|000005153|22200122030835000127550010000051531325083678|23012020|23012020|53,00|0|16,00||69,00|9||||0|0||||||||
|C190|500|5405||53,00|0|0|0|0|0|0||
|C100|1|0|1000006974|55|00|1|000005154|22200122030835000127550010000051541962976662|24012020|24012020|167,09|0|41,77||208,86|9||||0|0||||||||
|C190|500|5405||167,09|0|0|0|0|0|0||
|C100|1|0|1000033795|55|00|1|000005155|22200122030835000127550010000051551957984560|24012020|24012020|128,00|0|32,00||160,00|9||||0|0||||||||
|C190|500|5405||128,00|0|0|0|0|0|0||
|C100|1|0|1000070588|55|00|1|000005156|22200122030835000127550010000051561371624424|24012020|24012020|54,60|0|18,20||72,80|9||||0|0||||||||
|C190|500|5405||54,60|0|0|0|0|0|0||
|C100|1|0|1000070594|55|00|1|000005157|22200122030835000127550010000051571644030163|24012020|24012020|438,00|1|109,50||547,50|9||||0|0||||||||
|C190|500|5405||438,00|0|0|0|0|0|0||
|C100|1|0|1000070591|55|00|1|000005158|22200122030835000127550010000051581315983672|24012020|24012020|6,30|0|2,70||9,00|9||||0|0||||||||
|C190|500|5405||6,30|0|0|0|0|0|0||
|C100|1|0|1000031840|55|00|1|000005159|22200122030835000127550010000051591264450815|24012020|24012020|57,25|0|16,15||73,40|9||||0|0||||||||
|C190|500|5405||57,25|0|0|0|0|0|0||
|C100|1|0|1000070588|55|00|1|000005160|22200122030835000127550010000051601830114911|24012020|24012020|11,25|0|3,75||15,00|9||||0|0||||||||
|C190|500|5405||11,25|0|0|0|0|0|0||
|C100|1|0|1000071579|55|00|1|000005161|22200122030835000127550010000051611652324246|24012020|24012020|247,35|1|43,65||291,00|9||||0|0||||||||
|C190|500|5405||247,35|0|0|0|0|0|0||
|C100|1|0|1100165|55|00|1|000005162|22200122030835000127550010000051621867477389|24012020|24012020|343,40|1|60,60||404,00|9||||0|0||||||||
|C190|500|5405||343,40|0|0|0|0|0|0||
|C100|1|0|1000006974|55|00|1|000005163|22200122030835000127550010000051631500378283|24012020|24012020|167,70|0|41,93||209,63|9||||0|0||||||||
|C190|500|5405||167,70|0|0|0|0|0|0||
|C100|1|0|1000041100|55|00|1|000005164|22200122030835000127550010000051641225476493|24012020|24012020|348,00|0|87,00||435,00|9||||0|0||||||||
|C190|500|6404||348,00|0|0|0|0|0|0||
|C100|1|0|1000048748|55|00|1|000005165|22200122030835000127550010000051651155665362|24012020|24012020|320,00|1|40,00||360,00|9||||0|0||||||||
|C190|500|5405||320,00|0|0|0|0|0|0||
|C100|1|0|1000031839|55|00|1|000005166|22200122030835000127550010000051661281923178|24012020|24012020|650,00|0|216,82||866,82|9||||0|0||||||||
|C190|500|6403||650,00|0|0|0|0|0|0||
|C100|1|0|1000069983|55|00|1|000005167|22200122030835000127550010000051671811836630|24012020|24012020|303,75|1|101,25||405,00|9||||0|0||||||||
|C190|500|5405||303,75|0|0|0|0|0|0||
|C100|1|0|1000006974|55|00|1|000005168|22200122030835000127550010000051681761993905|24012020|24012020|40,80|0|10,20||51,00|9||||0|0||||||||
|C190|500|5405||40,80|0|0|0|0|0|0||
|C100|1|0|1000070588|55|00|1|000005169|22200122030835000127550010000051691474611854|24012020|24012020|50,00|0|17,04||67,04|9||||0|0||||||||
|C190|500|5405||50,00|0|0|0|0|0|0||
|C100|1|0|1000070589|55|00|1|000005170|22200122030835000127550010000051701139883130|24012020|24012020|35,00|0|15,00||50,00|9||||0|0||||||||
|C190|500|5405||35,00|0|0|0|0|0|0||
|C100|1|0|199849|55|00|1|000005171|22200122030835000127550010000051711134891034|24012020|24012020|723,80|1|310,20||1034,00|9||||0|0||||||||
|C190|500|5405||723,80|0|0|0|0|0|0||
|C100|1|0|1541|55|00|1|000005172|22200122030835000127550010000051721654820295|24012020|24012020|70,40|1|17,60||88,00|9||||0|0||||||||
|C190|500|5405||70,40|0|0|0|0|0|0||
|C100|1|0|1000070591|55|00|1|000005173|22200122030835000127550010000051731374120479|24012020|24012020|156,39|1|67,03||223,42|9||||0|0||||||||
|C190|500|5405||156,39|0|0|0|0|0|0||
|C100|1|0|675|55|00|1|000005174|22200122030835000127550010000051741863291206|24012020|24012020|22,40|1|9,60||32,00|9||||0|0||||||||
|C190|500|5405||22,40|0|0|0|0|0|0||
|C100|1|0|1000070593|55|00|1|000005175|22200122030835000127550010000051751079250280|24012020|24012020|292,00|1|73,00||365,00|9||||0|0||||||||
|C190|500|5405||292,00|0|0|0|0|0|0||
|C100|1|0|1000082804|55|00|1|000005176|22200122030835000127550010000051761247862664|25012020|25012020|350,00|0|64,59||414,59|9||||0|0||||||||
|C190|500|5405||350,00|0|0|0|0|0|0||
|C100|1|0|675|55|00|1|000005177|22200122030835000127550010000051771284419229|25012020|25012020|2660,68|1|1140,29||3800,97|9||||0|0||||||||
|C190|500|5405||2660,68|0|0|0|0|0|0||
|C100|1|0|675|55|00|1|000005178|22200122030835000127550010000051781046073985|25012020|25012020|546,39|1|234,16||780,55|9||||0|0||||||||
|C190|500|5405||546,39|0|0|0|0|0|0||
|C100|1|0|1100362|55|00|1|000005179|22200122030835000127550010000051791917320116|25012020|25012020|63,75|1|11,25||75,00|9||||0|0||||||||
|C190|500|5405||63,75|0|0|0|0|0|0||
|C100|1|0|1000070590|55|00|1|000005180|22200122030835000127550010000051801854191218|25012020|25012020|168,00|1|42,00||210,00|9||||0|0||||||||
|C190|500|5405||168,00|0|0|0|0|0|0||
|C100|1|0|1111670|55|00|1|000005182|22200122030835000127550010000051821218794262|25012020|25012020|310,00|0|103,82||413,82|9||||0|0||||||||
|C190|500|5405||310,00|0|0|0|0|0|0||
|C100|1|0|675|55|00|1|000005183|22200122030835000127550010000051831732925502|25012020|25012020|406,00|1|174,00||580,00|9||||0|0||||||||
|C190|500|5405||406,00|0|0|0|0|0|0||
|C100|1|0|1000006974|55|00|1|000005184|22200122030835000127550010000051841745405755|25012020|25012020|27,20|0|6,80||34,00|9||||0|0||||||||
|C190|500|5405||27,20|0|0|0|0|0|0||
|C100|1|0|1000066781|55|00|1|000005185|22200122030835000127550010000051851384910600|25012020|25012020|155,00|1|35,00||190,00|9||||0|0||||||||
|C190|500|5405||155,00|0|0|0|0|0|0||
|C100|1|0|1000070589|55|00|1|000005186|22200122030835000127550010000051861547724964|25012020|25012020|61,60|0|26,40||88,00|9||||0|0||||||||
|C190|500|5405||61,60|0|0|0|0|0|0||
|C100|1|0|1000069986|55|00|1|000005187|22200122030835000127550010000051871387406657|25012020|25012020|410,32|1|102,58||512,90|9||||0|0||||||||
|C190|500|5405||410,32|0|0|0|0|0|0||
|C100|1|0|672|55|00|1|000005188|22200122030835000127550010000051881013625322|27012020|27012020|219,00|1|54,75||273,75|9||||0|0||||||||
|C190|500|5405||219,00|0|0|0|0|0|0||
|C100|1|0|675|55|00|1|000005189|22200122030835000127550010000051891101714731|27012020|27012020|2033,58|1|871,53||2905,11|9||||0|0||||||||
|C190|500|5405||2033,58|0|0|0|0|0|0||
|C100|1|0|1000082794|55|00|1|000005190|22200122030835000127550010000051901284419220|27012020|27012020|200,00|0|70,00||270,00|9||||0|0||||||||
|C190|500|6403||200,00|0|0|0|0|0|0||
|C100|1|0|1000005476|55|00|1|000005191|22200122030835000127550010000051911395700723|27012020|27012020|374,89|1|66,16||441,05|9||||0|0||||||||
|C190|500|5405||374,89|0|0|0|0|0|0||
|C100|1|0|3344|55|00|1|000005192|22200122030835000127550010000051921764489952|27012020|27012020|160,00|0|40,00||200,00|9||||0|0||||||||
|C190|500|5405||160,00|0|0|0|0|0|0||
|C100|1|0|1000070591|55|00|1|000005193|22200122030835000127550010000051931443047405|27012020|27012020|5,60|0|2,40||8,00|9||||0|0||||||||
|C190|500|5405||5,60|0|0|0|0|0|0||
|C100|1|0|1465|55|00|1|000005194|22200122030835000127550010000051941366632326|27012020|27012020|285,26|1|31,70||316,96|9||||0|0||||||||
|C190|500|5405||285,26|0|0|0|0|0|0||
|C100|1|0|1000070588|55|00|1|000005196|22200122030835000127550010000051961530252610|27012020|27012020|96,00|0|32,00||128,00|9||||0|0||||||||
|C190|500|5405||96,00|0|0|0|0|0|0||
|C100|1|0|1000070594|55|00|1|000005197|22200122030835000127550010000051971278621197|27012020|27012020|907,53|1|302,51||1210,04|9||||0|0||||||||
|C190|500|5405||907,53|0|0|0|0|0|0||
|C100|1|0|1000006318|55|00|1|000005198|22200122030835000127550010000051981090924610|27012020|27012020|97,00|1|24,00||121,00|9||||0|0||||||||
|C190|500|5405||97,00|0|0|0|0|0|0||
|C100|1|0|1000019970|55|00|1|000005199|22200122030835000127550010000051991414784921|27012020|27012020|128,00|1|32,00||160,00|9||||0|0||||||||
|C190|500|5405||128,00|0|0|0|0|0|0||
|C100|1|0|1730|55|00|1|000005200|22200122030835000127550010000052001105822635|27012020|27012020|279,20|1|69,80||349,00|9||||0|0||||||||
|C190|500|5405||279,20|0|0|0|0|0|0||
|C100|1|0|90013936|55|00|1|000005201|22200122030835000127550010000052011383220479|27012020|27012020|178,20|1|31,45||209,65|9||||0|0||||||||
|C190|500|5405||178,20|0|0|0|0|0|0||
|C100|1|0|675|55|00|1|000005202|22200122030835000127550010000052021471309886|27012020|27012020|1183,04|1|507,02||1690,06|9||||0|0||||||||
|C190|500|5405||1183,04|0|0|0|0|0|0||
|C100|1|0|1000070588|55|00|1|000005203|22200122030835000127550010000052031732119586|27012020|27012020|48,00|0|17,00||65,00|9||||0|0||||||||
|C190|500|5405||48,00|0|0|0|0|0|0||
|C100|1|0|1000070591|55|00|1|000005204|22200122030835000127550010000052041112504863|27012020|27012020|189,04|1|81,03||270,07|9||||0|0||||||||
|C190|500|5405||189,04|0|0|0|0|0|0||
|C100|1|0|619|55|00|1|000005205|22200122030835000127550010000052051663998576|27012020|27012020|60,40|1|15,10||75,50|9||||0|0||||||||
|C190|500|5405||60,40|0|0|0|0|0|0||
|C100|1|0|1000070591|55|00|1|000005206|22200122030835000127550010000052061730429458|27012020|27012020|14,00|0|6,00||20,00|9||||0|0||||||||
|C190|500|5405||14,00|0|0|0|0|0|0||
|C100|1|0|1000070589|55|00|1|000005207|22200122030835000127550010000052071160657463|27012020|27012020|364,00|0|156,00||520,00|9||||0|0||||||||
|C190|500|5405||364,00|0|0|0|0|0|0||
|C100|1|0|1100362|55|00|1|000005208|22200122030835000127550010000052081464627650|28012020|28012020|63,75|1|11,25||75,00|9||||0|0||||||||
|C190|500|5405||63,75|0|0|0|0|0|0||
|C100|1|0|1000033795|55|00|1|000005209|22200122030835000127550010000052091968774689|28012020|28012020|189,60|0|47,40||237,00|9||||0|0||||||||
|C190|500|5405||189,60|0|0|0|0|0|0||
|C100|1|0|1000016108|55|00|1|000005210|22200122030835000127550010000052101456333587|28012020|28012020|231,20|1|57,80||289,00|9||||0|0||||||||
|C190|500|5405||231,20|0|0|0|0|0|0||
|C100|1|0|90001466|55|00|1|000005211|22200122030835000127550010000052111879073438|28012020|28012020|520,00|1|130,00||650,00|9||||0|0||||||||
|C190|500|5405||520,00|0|0|0|0|0|0||
|C100|1|0|1000070588|55|00|1|000005212|22200122030835000127550010000052121551026933|28012020|28012020|48,00|0|16,00||64,00|9||||0|0||||||||
|C190|500|5405||48,00|0|0|0|0|0|0||
|C100|1|0|1000031840|55|00|1|000005213|22200122030835000127550010000052131502874338|28012020|28012020|277,21|1|78,19||355,40|9||||0|0||||||||
|C190|500|5405||277,21|0|0|0|0|0|0||
|C100|1|0|1000070588|55|00|1|000005214|22200122030835000127550010000052141404879006|28012020|28012020|48,00|0|16,00||64,00|9||||0|0||||||||
|C190|500|5405||48,00|0|0|0|0|0|0||
|C100|1|0|1000047960|55|00|1|000005215|22200122030835000127550010000052151876577388|28012020|28012020|72,25|1|12,75||85,00|9||||0|0||||||||
|C190|500|5405||72,25|0|0|0|0|0|0||
|C100|1|0|1000070588|55|00|1|000005216|22200122030835000127550010000052161204702166|28012020|28012020|60,00|0|20,55||80,55|9||||0|0||||||||
|C190|500|5405||60,00|0|0|0|0|0|0||
|C100|1|0|100002099|55|00|1|000005217|22200122030835000127550010000052171263644891|28012020|28012020|146,72|1|36,68||183,40|9||||0|0||||||||
|C190|500|5405||146,72|0|0|0|0|0|0||
|C100|1|0|1101127|55|00|1|000005218|22200122030835000127550010000052181305999479|28012020|28012020|52,00|1|13,00||65,00|9||||0|0||||||||
|C190|500|5405||52,00|0|0|0|0|0|0||
|C100|1|0|1100654|55|00|1|000005219|22200122030835000127550010000052191663998571|28012020|28012020|231,20|1|57,80||289,00|9||||0|0||||||||
|C190|500|5405||231,20|0|0|0|0|0|0||
|C100|1|0|1000006974|55|00|1|000005220|22200122030835000127550010000052201773589952|28012020|28012020|17,60|0|4,40||22,00|9||||0|0||||||||
|C190|500|5405||17,60|0|0|0|0|0|0||
|C100|1|0|1000054667|55|00|1|000005222|22200122030835000127550010000052221874965539|28012020|28012020|20,40|0|3,60||24,00|9||||0|0||||||||
|C190|500|5405||20,40|0|0|0|0|0|0||
|C100|1|0|1000032302|55|00|1|000005223|22200122030835000127550010000052231962976661|28012020|28012020|300,00|0|48,90||348,90|9||||0|0||||||||
|C190|500|5405||300,00|0|0|0|0|0|0||
|C100|1|0|1114036|55|00|1|000005224|22200122030835000127550010000052241796054400|28012020|28012020|91,80|1|10,20||102,00|9||||0|0||||||||
|C190|500|5405||91,80|0|0|0|0|0|0||
|C100|1|0|1000019970|55|00|1|000005225|22200122030835000127550010000052251190531784|28012020|28012020|142,68|1|35,67||178,35|9||||0|0||||||||
|C190|500|5405||142,68|0|0|0|0|0|0||
|C100|1|0|675|55|00|1|000005226|22200122030835000127550010000052261950496416|28012020|28012020|5103,02|1|2187,01||7290,03|9||||0|0||||||||
|C190|500|5405||5103,02|0|0|0|0|0|0||
|C100|1|0|1100362|55|00|1|000005227|22200122030835000127550010000052271600869660|28012020|28012020|84,15|1|14,85||99,00|9||||0|0||||||||
|C190|500|5405||84,15|0|0|0|0|0|0||
|C100|1|0|1100362|55|00|1|000005228|22200122030835000127550010000052281447233588|28012020|28012020|56,95|1|10,05||67,00|9||||0|0||||||||
|C190|500|5405||56,95|0|0|0|0|0|0||
|C100|1|0|675|55|00|1|000005229|22200122030835000127550010000052291159851542|28012020|28012020|613,83|1|263,07||876,90|9||||0|0||||||||
|C190|500|5405||613,83|0|0|0|0|0|0||
|C100|0|0|1000027064|55|00|1|000005230|22200122030835000127550010000052301708849208|29012020|29012020|84,00|0|16,00||100,00|9||||0|0||||||||
|C190|060|2411||84,00|0|0|0|0|0|0||
|C100|1|0|1000006974|55|00|1|000005231|22200122030835000127550010000052311205508092|29012020|29012020|168,00|0|42,00||210,00|9||||0|0||||||||
|C190|500|5405||168,00|0|0|0|0|0|0||
|C100|1|0|1541|55|00|1|000005232|22200122030835000127550010000052321345052072|29012020|29012020|113,47|1|28,37||141,84|9||||0|0||||||||
|C190|500|5405||113,47|0|0|0|0|0|0||
|C100|1|0|1100362|55|00|1|000005233|22200122030835000127550010000052331682276852|29012020|29012020|37,40|1|6,60||44,00|9||||0|0||||||||
|C190|500|5405||37,40|0|0|0|0|0|0||
|C100|1|0|1000070588|55|00|1|000005234|22200122030835000127550010000052341173137711|29012020|29012020|20,25|0|6,75||27,00|9||||0|0||||||||
|C190|500|5405||20,25|0|0|0|0|0|0||
|C100|1|0|90013936|55|00|1|000005235|22200122030835000127550010000052351390708625|29012020|29012020|57,60|0|14,40||72,00|9||||0|0||||||||
|C190|500|5405||57,60|0|0|0|0|0|0||
|C100|1|0|1000070576|55|00|1|000005236|22200122030835000127550010000052361390708622|29012020|29012020|370,00|0|81,01||451,01|9||||0|0||||||||
|C190|500|5405||370,00|0|0|0|0|0|0||
|C100|1|0|1000070590|55|00|1|000005237|22200122030835000127550010000052371873275400|29012020|29012020|168,00|0|42,00||210,00|9||||0|0||||||||
|C190|500|5405||168,00|0|0|0|0|0|0||
|C100|1|0|1107703|55|00|1|000005238|22200122030835000127550010000052381985441120|29012020|29012020|88,00|1|22,00||110,00|9||||0|0||||||||
|C190|500|5405||88,00|0|0|0|0|0|0||
|C100|1|0|1000031840|55|00|1|000005239|22200122030835000127550010000052391432257285|29012020|29012020|10,76|0|3,04||13,80|9||||0|0||||||||
|C190|500|5405||10,76|0|0|0|0|0|0||
|C100|1|0|1000070576|55|00|1|000005240|22200122030835000127550010000052401095032500|29012020|29012020|96,00|0|24,00||120,00|9||||0|0||||||||
|C190|500|5405||96,00|0|0|0|0|0|0||
|C100|1|0|1000070594|55|00|1|000005241|22200122030835000127550010000052411962976660|29012020|29012020|1030,39|1|343,46||1373,85|9||||0|0||||||||
|C190|500|5405||1030,39|0|0|0|0|0|0||
|C100|1|0|1000054544|55|00|1|000005242|22200122030835000127550010000052421526950630|29012020|29012020|1632,60|1|181,40||1814,00|9||||0|0||||||||
|C190|500|5405||1632,60|0|0|0|0|0|0||
|C100|1|0|1000070589|55|00|1|000005243|22200122030835000127550010000052431113310785|29012020|29012020|105,00|0|45,00||150,00|9||||0|0||||||||
|C190|500|5405||105,00|0|0|0|0|0|0||
|C100|1|0|1541|55|00|1|000005244|22200122030835000127550010000052441449729630|29012020|29012020|70,40|1|17,60||88,00|9||||0|0||||||||
|C190|500|5405||70,40|0|0|0|0|0|0||
|C100|1|0|1000031839|55|00|1|000005245|22200122030835000127550010000052451852501089|29012020|29012020|322,50|0|10,61||333,11|9||||0|0||||||||
|C190|500|6403||322,50|0|0|0|0|0|0||
|C100|1|0|1000057669|55|00|1|000005246|22200122030835000127550010000052461054368052|29012020|29012020|516,60|1|57,40||574,00|9||||0|0||||||||
|C190|500|5405||516,60|0|0|0|0|0|0||
|C100|1|0|675|55|00|1|000005247|22200122030835000127550010000052471120798932|29012020|29012020|256,79|1|110,05||366,84|9||||0|0||||||||
|C190|500|5405||256,79|0|0|0|0|0|0||
|C100|1|0|1100362|55|00|1|000005248|22200122030835000127550010000052481403188881|29012020|29012020|56,95|1|10,05||67,00|9||||0|0||||||||
|C190|500|5405||56,95|0|0|0|0|0|0||
|C100|1|0|675|55|00|1|000005249|22200122030835000127550010000052491133279194|29012020|29012020|812,50|1|348,21||1160,71|9||||0|0||||||||
|C190|500|5405||812,50|0|0|0|0|0|0||
|C100|1|0|1000031840|55|00|1|000005250|22200122030835000127550010000052501632434129|29012020|29012020|1340,48|0|378,08||1718,56|9||||0|0||||||||
|C190|500|5405||1340,48|0|0|0|0|0|0||
|C100|1|0|1000048748|55|00|1|000005251|22200122030835000127550010000052511562622980|29012020|29012020|48,60|1|5,40||54,00|9||||0|0||||||||
|C190|500|5405||48,60|0|0|0|0|0|0||
|C100|1|0|1465|55|00|1|000005252|22200122030835000127550010000052521909026044|29012020|29012020|252,14|1|28,02||280,16|9||||0|0||||||||
|C190|500|5405||252,14|0|0|0|0|0|0||
|C100|0|0|90014987|55|00|1|000005254|22200122030835000127550010000052541258652796|29012020|29012020|350,00|0|50,00||400,00|9||||0|0||||||||
|C190|060|1411||350,00|0|0|0|0|0|0||
|C100|1|0|4088|55|00|1|000005255|22200122030835000127550010000052551178935748|29012020|29012020|540,00|1|180,50||720,50|9||||0|0||||||||
|C190|500|6403||540,00|0|0|0|0|0|0||
|C100|1|0|4088|55|00|1|000005256|22200122030835000127550010000052561850889237|29012020|29012020|504,00|1|216,00||720,00|9||||0|0||||||||
|C190|500|6403||504,00|0|0|0|0|0|0||
|C100|1|0|1012|55|00|1|000005257|22200122030835000127550010000052571400692820|29012020|29012020|279,80|0|54,51||334,31|9||||0|0||||||||
|C190|500|5405||279,80|0|0|0|0|0|0||
|C100|1|0|1000082808|55|00|1|000005258|22200122030835000127550010000052581215492290|29012020|29012020|538,00|0|95,08||633,08|9||||0|0||||||||
|C190|500|5405||538,00|0|0|0|0|0|0||
|C100|1|0|1000082807|55|00|1|000005259|22200122030835000127550010000052591482905933|29012020|29012020|164,00|1|41,00||205,00|9||||0|0||||||||
|C190|500|5405||164,00|0|0|0|0|0|0||
|C100|0|0|1000082809|55|00|1|000005261|22200122030835000127550010000052611085932517|29012020|29012020|50,00|0|8,00||58,00|9||||0|0||||||||
|C190|060|1411||50,00|0|0|0|0|0|0||
|C100|1|0|1000082809|55|00|1|000005262|22200122030835000127550010000052621875771466|29012020|29012020|50,00|0|8,00||58,00|9||||0|0||||||||
|C190|500|5405||50,00|0|0|0|0|0|0||
|C100|1|0|1115051|55|00|1|000005263|22200122030835000127550010000052631207198221|30012020|30012020|255,00|1|45,00||300,00|9||||0|0||||||||
|C190|500|5405||255,00|0|0|0|0|0|0||
|C100|1|0|1000069245|55|00|1|000005264|22200122030835000127550010000052641360028385|30012020|30012020|148,00|1|37,00||185,00|9||||0|0||||||||
|C190|500|6404||148,00|0|0|0|0|0|0||
|C100|1|0|791804|55|00|1|000005265|22200122030835000127550010000052651443853321|30012020|30012020|1651,66|0|||1573,01|9|||78,65|0|0||||||||
|C190|900|6949||1651,66|0|0|0|0|0|0||
|C100|1|0|1000070591|55|00|1|000005266|22200122030835000127550010000052661730429456|30012020|30012020|71,05|0|30,45||101,50|9||||0|0||||||||
|C190|500|5405||71,05|0|0|0|0|0|0||
|C100|1|0|675|55|00|1|000005267|22200122030835000127550010000052671683082774|30012020|30012020|892,32|1|382,42||1274,74|9||||0|0||||||||
|C190|500|5405||892,32|0|0|0|0|0|0||
|C100|1|0|1000070588|55|00|1|000005268|22200122030835000127550010000052681520268400|30012020|30012020|266,25|1|88,75||355,00|9||||0|0||||||||
|C190|500|5405||266,25|0|0|0|0|0|0||
|C100|1|0|1465|55|00|1|000005269|22200122030835000127550010000052691713841303|30012020|30012020|511,00|1|219,00||730,00|9||||0|0||||||||
|C190|500|5405||511,00|0|0|0|0|0|0||
|C100|1|0|1730|55|00|1|000005270|22200122030835000127550010000052701654820296|30012020|30012020|244,89|1|61,22||306,11|9||||0|0||||||||
|C190|500|5405||244,89|0|0|0|0|0|0||
|C100|1|0|1000070588|55|00|1|000005271|22200122030835000127550010000052711895739869|30012020|30012020|27,00|0|9,00||36,00|9||||0|0||||||||
|C190|500|5405||27,00|0|0|0|0|0|0||
|C100|1|0|1000070588|55|00|1|000005272|22200122030835000127550010000052721299395524|30012020|30012020|18,75|0|6,25||25,00|9||||0|0||||||||
|C190|500|5405||18,75|0|0|0|0|0|0||
|C100|1|0|1000031840|55|00|1|000005273|22200122030835000127550010000052731889057632|30012020|30012020|208,00|0|59,40||267,40|9||||0|0||||||||
|C190|500|5405||208,00|0|0|0|0|0|0||
|C100|1|0|1000064999|55|00|1|000005275|22200122030835000127550010000052751642418320|30012020|30012020|22,40|0|5,60||28,00|9||||0|0||||||||
|C190|500|5405||22,40|0|0|0|0|0|0||
|C100|1|0|1000006974|55|00|1|000005276|22200122030835000127550010000052761078444360|30012020|30012020|67,20|0|16,80||84,00|9||||0|0||||||||
|C190|500|5405||67,20|0|0|0|0|0|0||
|C100|1|0|1000057669|55|00|1|000005277|22200122030835000127550010000052771901537880|30012020|30012020|80,00|0|12,00||92,00|9||||0|0||||||||
|C190|500|5405||80,00|0|0|0|0|0|0||
|C100|1|0|1000006974|55|00|1|000005278|22200122030835000127550010000052781149061411|30012020|30012020|10,40|0|2,60||13,00|9||||0|0||||||||
|C190|500|5405||10,40|0|0|0|0|0|0||
|C100|1|0|1714|55|00|1|000005281|22200122030835000127550010000052811421467155|30012020|30012020|219,00|1|54,75||273,75|9||||0|0||||||||
|C190|500|5405||219,00|0|0|0|0|0|0||
|C100|1|0|1000016108|55|00|1|000005283|22200122030835000127550010000052831833416889|30012020|30012020|80,00|1|20,00||100,00|9||||0|0||||||||
|C190|500|5405||80,00|0|0|0|0|0|0||
|C100|1|0|1000070594|55|00|1|000005284|22200122030835000127550010000052841959674698|30012020|30012020|252,00|1|84,00||336,00|9||||0|0||||||||
|C190|500|5405||252,00|0|0|0|0|0|0||
|C100|1|0|1000070594|55|00|1|000005285|22200122030835000127550010000052851775280074|30012020|30012020|181,50|1|60,50||242,00|9||||0|0||||||||
|C190|500|5405||181,50|0|0|0|0|0|0||
|C100|1|0|791735|55|00|1|000005286|22200122030835000127550010000052861150673265|30012020|30012020|3300,00|1|1413,00||4713,00|9||||0|0||||||||
|C190|500|5405||3300,00|0|0|0|0|0|0||
|C100|1|0|1000047962|55|00|1|000005287|22200122030835000127550010000052871181431791|31012020|31012020|581,35|1|||581,35|9||||0|0||||||||
|C190|500|5405||581,35|0|0|0|0|0|0||
|C100|1|0|1114036|55|00|1|000005288|22200122030835000127550010000052881467123700|31012020|31012020|688,50|1|76,50||765,00|9||||0|0||||||||
|C190|500|5405||688,50|0|0|0|0|0|0||
|C100|1|0|100002099|55|00|1|000005289|22200122030835000127550010000052891495386181|31012020|31012020|16,00|1|4,00||20,00|9||||0|0||||||||
|C190|500|5405||16,00|0|0|0|0|0|0||
|C100|1|0|1000031840|55|00|1|000005290|22200122030835000127550010000052901976262847|31012020|31012020|195,31|0|55,09||250,40|9||||0|0||||||||
|C190|500|5405||195,31|0|0|0|0|0|0||
|C100|1|0|1730|55|00|1|000005292|22200122030835000127550010000052921433947410|31012020|31012020|2790,00|1|750,00||3540,00|9||||0|0||||||||
|C190|500|5405||2790,00|0|0|0|0|0|0||
|C100|1|0|1000070588|55|00|1|000005293|22200122030835000127550010000052931161463385|31012020|31012020|15,00|0|5,00||20,00|9||||0|0||||||||
|C190|500|5405||15,00|0|0|0|0|0|0||
|C100|0|0|1000082810|55|00|1|000005294|22200122030835000127550010000052941087544353|31012020|31012020|235,00|0|43,50||278,50|9||||0|0||||||||
|C190|060|1411||235,00|0|0|0|0|0|0||
|C100|1|0|1000070588|55|00|1|000005295|22200122030835000127550010000052951751203777|31012020|31012020|25,50|0|8,50||34,00|9||||0|0||||||||
|C190|500|5405||25,50|0|0|0|0|0|0||
|C100|1|0|1000031842|55|00|1|000005296|22200122030835000127550010000052961303503421|31012020|31012020|436,00|1|109,00||545,00|9||||0|0||||||||
|C190|500|6403||436,00|0|0|0|0|0|0||
|C100|1|0|1100362|55|00|1|000005297|22200122030835000127550010000052971875771461|31012020|31012020|165,00|1|30,00||195,00|9||||0|0||||||||
|C190|500|5405||165,00|0|0|0|0|0|0||
|C100|1|0|1000070588|55|00|1|000005298|22200122030835000127550010000052981149867338|31012020|31012020|17,25|0|5,75||23,00|9||||0|0||||||||
|C190|500|5405||17,25|0|0|0|0|0|0||
|C100|1|0|1000031840|55|00|1|000005299|22200122030835000127550010000052991769482057|31012020|31012020|68,64|0|19,36||88,00|9||||0|0||||||||
|C190|500|5405||68,64|0|0|0|0|0|0||
|C100|1|0|1000031840|55|00|1|000005300|22200122030835000127550010000053001451341483|31012020|31012020|355,27|1|100,21||455,48|9||||0|0||||||||
|C190|500|5405||355,27|0|0|0|0|0|0||
|C100|1|0|1112737|55|00|1|000005301|22200122030835000127550010000053011260342920|31012020|31012020|200,00|1|50,00||250,00|9||||0|0||||||||
|C190|500|6403||200,00|0|0|0|0|0|0||
|C100|1|0|1000070588|55|00|1|000005302|22200122030835000127550010000053021237072544|31012020|31012020|42,00|0|14,00||56,00|9||||0|0||||||||
|C190|500|5405||42,00|0|0|0|0|0|0||
|C100|1|0|1000070588|55|00|1|000005303|22200122030835000127550010000053031646526212|31012020|31012020|12,00|0|4,00||16,00|9||||0|0||||||||
|C190|500|5405||12,00|0|0|0|0|0|0||
|C100|1|0|113039|55|00|1|000005304|22200122030835000127550010000053041788566254|31012020|31012020|770,00|1|93,98||863,98|9||||0|0||||||||
|C190|500|6404||770,00|0|0|0|0|0|0||
|C100|1|0|1000028458|55|00|1|000005305|22200122030835000127550010000053051384910600|31012020|31012020|335,00|0|57,21||392,21|9||||0|0||||||||
|C190|500|5405||335,00|0|0|0|0|0|0||
|C100|1|0|1000023640|55|00|1|000005306|22200122030835000127550010000053061841710959|31012020|31012020|219,20|1|54,80||274,00|9||||0|0||||||||
|C190|500|5405||219,20|0|0|0|0|0|0||
|C100|0|0|1000082811|55|00|1|000005280|22200122030835000127550010000052801551832867|30012020|30012020|115,00|0|||115,00|9||||0|0||||||||
|C190|060|1411||115,00|0|0|0|0|0|0||
|C100|0|0|1000082811|55|00|1|000005282|22200122030835000127550010000052821476301981|30012020|30012020|69,00|0|||69,00|9||||0|0||||||||
|C190|060|1411||69,00|0|0|0|0|0|0||
|C100|0|0||55|02|1|000004800|22200122030835000127550010000048001285225140|||||||||||||||||||||
|C100|0|0||55|02|1|000004809|22200122030835000127550010000048091928110249|||||||||||||||||||||
|C100|1|0||65|02|000|000002326|22200122030835000127650000000023261563507196|||||||||||||||||||||
|C100|1|0||65|02|000|000002453|22200122030835000127650000000024531561817069|||||||||||||||||||||
|C100|1|0||65|02|000|000002519|22200122030835000127650000000025191595877564|||||||||||||||||||||
|C100|1|0||65|02|000|000002561|22200122030835000127650000000025611641534117|||||||||||||||||||||
|C100|1|0||65|02|000|000002571|22200122030835000127650000000025711173943630|||||||||||||||||||||
|C100|1|0||65|02|000|000002584|22200122030835000127650000000025841190531784|||||||||||||||||||||
|C100|1|0||65|02|000|000002605|22200122030835000127650000000026051846703057|||||||||||||||||||||
|C100|1|0||65|02|000|000002641|22200122030835000127650000000026411511168415|||||||||||||||||||||
|C100|1|0||65|02|000|000002720|22200122030835000127650000000027201561011140|||||||||||||||||||||
|C100|1|0||65|02|000|000002774|22200122030835000127650000000027741513664467|||||||||||||||||||||
|C100|1|0||65|02|000|000002909|22200122030835000127650000000029091315177759|||||||||||||||||||||
|C100|1|0||65|00|0|000002322|22200122030835000127650000000023221293519210|02012020|02012020|142,40|0|72,60||215,00|9||||0|0||||||||
|C190|500|5405||142,40|0|0|0|0|0|0||
|C100|1|0||65|00|0|000002323|22200122030835000127650000000023231394894803|02012020|02012020|302,60|1|||302,60|9||||0|0||||||||
|C190|500|5405||302,60|0|0|0|0|0|0||
|C100|1|0||65|00|0|000002324|22200122030835000127650000000023241877461585|02012020|02012020|50,00|1|10,00||60,00|9||||0|0||||||||
|C190|500|5405||50,00|0|0|0|0|0|0||
|C100|1|0||65|00|0|000002325|22200122030835000127650000000023251021113479|02012020|02012020|1930,00|1|360,05||2290,05|9||||0|0||||||||
|C190|500|5405||1930,00|0|0|0|0|0|0||
|C100|1|0||65|00|0|000002327|22200122030835000127650000000023271888251716|02012020|02012020|260,00|0|39,99||299,99|9||||0|0||||||||
|C190|500|5405||260,00|0|0|0|0|0|0||
|C100|1|0||65|00|0|000002328|22200122030835000127650000000023281086738432|02012020|02012020|100,00|0|12,20||112,20|9||||0|0||||||||
|C190|500|5405||100,00|0|0|0|0|0|0||
|C100|1|0||65|00|0|000002329|22200122030835000127650000000023291673098578|02012020|02012020|490,00|0|81,30||571,30|9||||0|0||||||||
|C190|500|5405||490,00|0|0|0|0|0|0||
|C100|1|0||65|00|0|000002330|22200122030835000127650000000023301401498755|02012020|02012020|220,00|1|25,00||245,00|9||||0|0||||||||
|C190|500|5405||220,00|0|0|0|0|0|0||
|C100|1|0||65|00|0|000002331|22200122030835000127650000000023311314293540|02012020|02012020|270,00|0|32,60||302,60|9||||0|0||||||||
|C190|500|5405||270,00|0|0|0|0|0|0||
|C100|1|0||65|00|0|000002332|22200122030835000127650000000023321147371285|02012020|02012020|160,00|0|19,00||179,00|9||||0|0||||||||
|C190|500|5405||160,00|0|0|0|0|0|0||
|C100|1|0||65|00|0|000002333|22200122030835000127650000000023331194717963|02012020|02012020|7,70|0|3,30||11,00|9||||0|0||||||||
|C190|500|5405||7,70|0|0|0|0|0|0||
|C100|1|0||65|00|0|000002334|22200122030835000127650000000023341518656562|02012020|02012020|70,50|0|23,50||94,00|9||||0|0||||||||
|C190|500|5405||70,50|0|0|0|0|0|0||
|C100|1|0||65|00|0|000002335|22200122030835000127650000000023351360834302|02012020|02012020|135,00|0|45,00||180,00|9||||0|0||||||||
|C190|500|5405||135,00|0|0|0|0|0|0||
|C100|1|0||65|00|0|000002336|22200122030835000127650000000023361254544891|02012020|02012020|115,00|0|22,00||137,00|9||||0|0||||||||
|C190|500|5405||115,00|0|0|0|0|0|0||
|C100|1|0||65|00|0|000002337|22200122030835000127650000000023371049375959|02012020|02012020|240,00|0|44,49||284,49|9||||0|0||||||||
|C190|500|5405||240,00|0|0|0|0|0|0||
|C100|1|0||65|00|0|000002338|22200122030835000127650000000023381697174877|02012020|02012020|67,00|0|22,50||89,50|9||||0|0||||||||
|C190|500|5405||67,00|0|0|0|0|0|0||
|C100|1|0||65|00|0|000002339|22200122030835000127650000000023391312681703|02012020|02012020|95,00|0|17,35||112,35|9||||0|0||||||||
|C190|500|5405||95,00|0|0|0|0|0|0||
|C100|1|0||65|00|0|000002340|22200122030835000127650000000023401928110249|02012020|02012020|420,00|0|64,29||484,29|9||||0|0||||||||
|C190|500|5405||420,00|0|0|0|0|0|0||
|C100|1|0||65|00|0|000002341|22200122030835000127650000000023411386600730|02012020|02012020|20,00|0|3,86||23,86|9||||0|0||||||||
|C190|500|5405||20,00|0|0|0|0|0|0||
|C100|1|0||65|00|0|000002342|22200122030835000127650000000023421497882234|02012020|02012020|24,00|0|2,70||26,70|9||||0|0||||||||
|C190|500|5405||24,00|0|0|0|0|0|0||
|C100|1|0||65|00|0|000002343|22200122030835000127650000000023431018617427|02012020|02012020|6,00|0|1,50||7,50|9||||0|0||||||||
|C190|500|5405||6,00|0|0|0|0|0|0||
|C100|1|0||65|00|0|000002344|22200122030835000127650000000023441228778475|02012020|02012020|66,90|0|22,30||89,20|9||||0|0||||||||
|C190|500|5405||66,90|0|0|0|0|0|0||
|C100|1|0||65|00|0|000002345|22200122030835000127650000000023451670602511|02012020|02012020|300,00|0|53,00||353,00|9||||0|0||||||||
|C190|500|5405||300,00|0|0|0|0|0|0||
|C100|1|0||65|00|0|000002346|22200122030835000127650000000023461120798933|02012020|02012020|12,00|0|1,40||13,40|9||||0|0||||||||
|C190|500|5405||12,00|0|0|0|0|0|0||
|C100|1|0||65|00|0|000002347|22200122030835000127650000000023471157355498|03012020|03012020|30,00|0|5,30||35,30|9||||0|0||||||||
|C190|500|5405||30,00|0|0|0|0|0|0||
|C100|1|0||65|00|0|000002348|22200122030835000127650000000023481376616529|03012020|03012020|30,00|0|10,00||40,00|9||||0|0||||||||
|C190|500|5405||30,00|0|0|0|0|0|0||
|C100|1|0||65|00|0|000002349|22200122030835000127650000000023491240374512|03012020|03012020|7,52|0|1,88||9,40|9||||0|0||||||||
|C190|500|5405||7,52|0|0|0|0|0|0||
|C100|1|0||65|00|0|000002350|22200122030835000127650000000023501758691935|03012020|03012020|112,00|0|36,50||148,50|9||||0|0||||||||
|C190|500|5405||112,00|0|0|0|0|0|0||
|C100|1|0||65|00|0|000002351|22200122030835000127650000000023511158161410|03012020|03012020|14,00|0|4,45||18,45|9||||0|0||||||||
|C190|500|5405||14,00|0|0|0|0|0|0||
|C100|1|0||65|00|0|000002352|22200122030835000127650000000023521309301441|03012020|03012020|58,00|0|7,00||65,00|9||||0|0||||||||
|C190|500|5405||58,00|0|0|0|0|0|0||
|C100|1|0||65|00|0|000002353|22200122030835000127650000000023531548530880|03012020|03012020|135,00|0|15,00||150,00|9||||0|0||||||||
|C190|500|5405||135,00|0|0|0|0|0|0||
|C100|1|0||65|00|0|000002354|22200122030835000127650000000023541110008818|03012020|03012020|200,00|0|60,00||260,00|9||||0|0||||||||
|C190|500|5405||200,00|0|0|0|0|0|0||
|C100|1|0||65|00|0|000002355|22200122030835000127650000000023551448039500|03012020|03012020|260,00|0|38,68||298,68|9||||0|0||||||||
|C190|500|5405||260,00|0|0|0|0|0|0||
|C100|1|0||65|00|0|000002356|22200122030835000127650000000023561488703956|03012020|03012020|11,31|0|4,85||16,16|9||||0|0||||||||
|C190|500|5405||11,31|0|0|0|0|0|0||
|C100|1|0||65|00|0|000002357|22200122030835000127650000000023571683082776|03012020|03012020|45,00|0|5,00||50,00|9||||0|0||||||||
|C190|500|5405||45,00|0|0|0|0|0|0||
|C100|1|0||65|00|0|000002358|22200122030835000127650000000023581442241482|03012020|03012020|235,00|0|25,00||260,00|9||||0|0||||||||
|C190|500|5405||235,00|0|0|0|0|0|0||
|C100|1|0||65|00|0|000002359|22200122030835000127650000000023591094226581|03012020|03012020|118,00|0|22,00||140,00|9||||0|0||||||||
|C190|500|5405||118,00|0|0|0|0|0|0||
|C100|1|0||65|00|0|000002360|22200122030835000127650000000023601503680268|03012020|03012020|385,00|0|125,00||510,00|9||||0|0||||||||
|C190|500|5405||385,00|0|0|0|0|0|0||
|C100|1|0||65|00|0|000002361|22200122030835000127650000000023611402382951|03012020|03012020|3,00|0|1,00||4,00|9||||0|0||||||||
|C190|500|5405||3,00|0|0|0|0|0|0||
|C100|1|0||65|00|0|000002362|22200122030835000127650000000023621257846872|03012020|03012020|280,00|0|34,63||314,63|9||||0|0||||||||
|C190|500|5405||280,00|0|0|0|0|0|0||
|C100|1|0||65|00|0|000002363|22200122030835000127650000000023631943892460|03012020|03012020|130,00|0|29,00||159,00|9||||0|0||||||||
|C190|500|5405||130,00|0|0|0|0|0|0||
|C100|1|0||65|00|0|000002364|22200122030835000127650000000023641184733768|03012020|03012020|85,00|0|11,00||96,00|9||||0|0||||||||
|C190|500|5405||85,00|0|0|0|0|0|0||
|C100|1|0||65|00|0|000002365|22200122030835000127650000000023651291907376|03012020|03012020|180,00|0|39,84||219,84|9||||0|0||||||||
|C190|500|5405||180,00|0|0|0|0|0|0||
|C100|1|0||65|00|0|000002366|22200122030835000127650000000023661049375950|03012020|03012020|130,00|0|30,00||160,00|9||||0|0||||||||
|C190|500|5405||130,00|0|0|0|0|0|0||
|C100|1|0||65|00|0|000002367|22200122030835000127650000000023671432257288|03012020|03012020|158,00|0|40,00||198,00|9||||0|0||||||||
|C190|500|5405||158,00|0|0|0|0|0|0||
|C100|1|0||65|00|0|000002368|22200122030835000127650000000023681238762670|03012020|03012020|115,00|0|15,00||130,00|9||||0|0||||||||
|C190|500|5405||115,00|0|0|0|0|0|0||
|C100|1|0||65|00|0|000002369|22200122030835000127650000000023691614961767|03012020|03012020|3,00|0|0,10||3,10|9||||0|0||||||||
|C190|500|5405||3,00|0|0|0|0|0|0||
|C100|1|0||65|00|0|000002370|22200122030835000127650000000023701388212577|03012020|03012020|304,00|0|76,00||380,00|9||||0|0||||||||
|C190|500|5405||304,00|0|0|0|0|0|0||
|C100|1|0||65|00|0|000002371|22200122030835000127650000000023711668990674|03012020|03012020|70,00|0|12,00||82,00|9||||0|0||||||||
|C190|500|5405||70,00|0|0|0|0|0|0||
|C100|1|0||65|00|0|000002372|22200122030835000127650000000023721834222802|03012020|03012020|2,25|0|0,75||3,00|9||||0|0||||||||
|C190|500|5405||2,25|0|0|0|0|0|0||
|C100|1|0||65|00|0|000002373|22200122030835000127650000000023731195523882|03012020|03012020|35,00|0|4,00||39,00|9||||0|0||||||||
|C190|500|5405||35,00|0|0|0|0|0|0||
|C100|1|0||65|00|0|000002374|22200122030835000127650000000023741809340583|03012020|03012020|260,00|0|34,00||294,00|9||||0|0||||||||
|C190|500|5405||260,00|0|0|0|0|0|0||
|C100|1|0||65|00|0|000002375|22200122030835000127650000000023751076754230|03012020|03012020|18,00|0|3,20||21,20|9||||0|0||||||||
|C190|500|5405||18,00|0|0|0|0|0|0||
|C100|1|0||65|00|0|000002376|22200122030835000127650000000023761741219576|03012020|03012020|140,00|0|21,00||161,00|9||||0|0||||||||
|C190|500|5405||140,00|0|0|0|0|0|0||
|C100|1|0||65|00|0|000002377|22200122030835000127650000000023771221290311|03012020|03012020|64,00|0|16,00||80,00|9||||0|0||||||||
|C190|500|5405||64,00|0|0|0|0|0|0||
|C100|1|0||65|00|0|000002378|22200122030835000127650000000023781775280078|03012020|03012020|5,25|0|2,25||7,50|9||||0|0||||||||
|C190|500|5405||5,25|0|0|0|0|0|0||
|C100|1|0||65|00|0|000002379|22200122030835000127650000000023791374120476|03012020|03012020|196,00|0|49,50||245,50|9||||0|0||||||||
|C190|500|5405||196,00|0|0|0|0|0|0||
|C100|1|0||65|00|0|000002380|22200122030835000127650000000023801737917607|03012020|03012020|4,50|0|0,50||5,00|9||||0|0||||||||
|C190|500|5405||4,50|0|0|0|0|0|0||
|C100|1|0||65|00|0|000002381|22200122030835000127650000000023811361640229|03012020|03012020|300,00|0|50,00||350,00|9||||0|0||||||||
|C190|500|5405||300,00|0|0|0|0|0|0||
|C100|1|0||65|00|0|000002382|22200122030835000127650000000023821889057630|03012020|03012020|50,00|0|7,80||57,80|9||||0|0||||||||
|C190|500|5405||50,00|0|0|0|0|0|0||
|C100|1|0||65|00|0|000002383|22200122030835000127650000000023831166455480|03012020|03012020|73,00|0|17,40||90,40|9||||0|0||||||||
|C190|500|5405||73,00|0|0|0|0|0|0||
|C100|1|0||65|00|0|000002384|22200122030835000127650000000023841940590497|03012020|03012020|4,50|0|0,50||5,00|9||||0|0||||||||
|C190|500|5405||4,50|0|0|0|0|0|0||
|C100|1|0||65|00|0|000002385|22200122030835000127650000000023851233770579|03012020|03012020|339,00|0|113,00||452,00|9||||0|0||||||||
|C190|500|5405||339,00|0|0|0|0|0|0||
|C100|1|0||65|00|0|000002386|22200122030835000127650000000023861281923174|03012020|03012020|34,20|0|3,80||38,00|9||||0|0||||||||
|C190|500|5405||34,20|0|0|0|0|0|0||
|C100|1|0||65|00|0|000002387|22200122030835000127650000000023871854997136|03012020|03012020|75,00|0|9,00||84,00|9||||0|0||||||||
|C190|500|5405||75,00|0|0|0|0|0|0||
|C100|1|0||65|00|0|000002388|22200122030835000127650000000023881142379186|03012020|03012020|270,00|0|48,75||318,75|9||||0|0||||||||
|C190|500|5405||270,00|0|0|0|0|0|0||
|C100|1|0||65|00|0|000002389|22200122030835000127650000000023891193912040|03012020|03012020|215,00|1|28,35||243,35|9||||0|0||||||||
|C190|500|5405||215,00|0|0|0|0|0|0||
|C100|1|0||65|00|0|000002390|22200122030835000127650000000023901633240046|03012020|03012020|100,00|0|13,00||113,00|9||||0|0||||||||
|C190|500|5405||100,00|0|0|0|0|0|0||
|C100|1|0||65|00|0|000002391|22200122030835000127650000000023911497882239|03012020|03012020|40,00|0|5,00||45,00|9||||0|0||||||||
|C190|500|5405||40,00|0|0|0|0|0|0||
|C100|1|0||65|00|0|000002392|22200122030835000127650000000023921239568598|03012020|03012020|285,00|0|37,00||322,00|9||||0|0||||||||
|C190|500|5405||285,00|0|0|0|0|0|0||
|C100|1|0||65|00|0|000002393|22200122030835000127650000000023931327579726|03012020|03012020|6,75|0|2,25||9,00|9||||0|0||||||||
|C190|500|5405||6,75|0|0|0|0|0|0||
|C100|1|0||65|00|0|000002394|22200122030835000127650000000023941036089789|03012020|03012020|4,68|0|1,32||6,00|9||||0|0||||||||
|C190|500|5405||4,68|0|0|0|0|0|0||
|C100|1|0||65|00|0|000002395|22200122030835000127650000000023951096722639|03012020|03012020|115,00|0|14,90||129,90|9||||0|0||||||||
|C190|500|5405||115,00|0|0|0|0|0|0||
|C100|1|0||65|00|0|000002396|22200122030835000127650000000023961089234486|03012020|03012020|15,00|0|5,00||20,00|9||||0|0||||||||
|C190|500|5405||15,00|0|0|0|0|0|0||
|C100|1|0||65|00|0|000002397|22200122030835000127650000000023971484596066|03012020|03012020|23,36|1|5,84||29,20|9||||0|0||||||||
|C190|500|5405||23,36|0|0|0|0|0|0||
|C100|1|0||65|00|0|000002398|22200122030835000127650000000023981601675592|03012020|03012020|190,00|0|26,00||216,00|9||||0|0||||||||
|C190|500|5405||190,00|0|0|0|0|0|0||
|C100|1|0||65|00|0|000002399|22200122030835000127650000000023991703051170|03012020|03012020|50,00|0|7,14||57,14|9||||0|0||||||||
|C190|500|5405||50,00|0|0|0|0|0|0||
|C100|1|0||65|00|0|000002400|22200122030835000127650000000024001948884568|03012020|03012020|76,00|0|19,00||95,00|9||||0|0||||||||
|C190|500|5405||76,00|0|0|0|0|0|0||
|C100|1|0||65|00|0|000002401|22200122030835000127650000000024011216298218|03012020|03012020|250,00|0|98,47||348,47|9||||0|0||||||||
|C190|500|5405||250,00|0|0|0|0|0|0||
|C100|1|0||65|00|0|000002402|22200122030835000127650000000024021493696053|03012020|03012020|3,50|0|0,70||4,20|9||||0|0||||||||
|C190|500|5405||3,50|0|0|0|0|0|0||
|C100|1|0||65|00|0|000002403|22200122030835000127650000000024031908141833|03012020|03012020|100,00|0|12,00||112,00|9||||0|0||||||||
|C190|500|5405||100,00|0|0|0|0|0|0||
|C100|1|0||65|00|0|000002404|22200122030835000127650000000024041687268957|03012020|03012020|40,00|1|6,00||46,00|9||||0|0||||||||
|C190|500|5405||40,00|0|0|0|0|0|0||
|C100|1|0||65|00|0|000002405|22200122030835000127650000000024051472115800|04012020|04012020|438,00|0|146,00||584,00|9||||0|0||||||||
|C190|500|5405||438,00|0|0|0|0|0|0||
|C100|1|0||65|00|0|000002406|22200122030835000127650000000024061861679362|04012020|04012020|110,00|0|20,00||130,00|9||||0|0||||||||
|C190|500|5405||110,00|0|0|0|0|0|0||
|C100|1|0||65|00|0|000002407|22200122030835000127650000000024071453031600|04012020|04012020|380,00|1|63,54||443,54|9||||0|0||||||||
|C190|500|5405||380,00|0|0|0|0|0|0||
|C100|1|0||65|00|0|000002408|22200122030835000127650000000024081479603969|04012020|04012020|1080,00|0|234,00||1314,00|9||||0|0||||||||
|C190|500|5405||1080,00|0|0|0|0|0|0||
|C100|1|0||65|00|0|000002409|22200122030835000127650000000024091330075778|04012020|04012020|134,75|0|33,69||168,44|9||||0|0||||||||
|C190|500|5405||134,75|0|0|0|0|0|0||
|C100|1|0||65|00|0|000002410|22200122030835000127650000000024101720445244|04012020|04012020|115,00|0|23,97||138,97|9||||0|0||||||||
|C190|500|5405||115,00|0|0|0|0|0|0||
|C100|1|0||65|00|0|000002411|22200122030835000127650000000024111005331254|04012020|04012020|18,75|0|6,25||25,00|9||||0|0||||||||
|C190|500|5405||18,75|0|0|0|0|0|0||
|C100|1|0||65|00|0|000002412|22200122030835000127650000000024121106706838|06012020|06012020|44,00|0|11,00||55,00|9||||0|0||||||||
|C190|500|5405||44,00|0|0|0|0|0|0||
|C100|1|0||65|00|0|000002413|22200122030835000127650000000024131889057638|06012020|06012020|7,00|0|1,00||8,00|9||||0|0||||||||
|C190|500|5405||7,00|0|0|0|0|0|0||
|C100|1|0||65|00|0|000002414|22200122030835000127650000000024141997843093|06012020|06012020|70,67|0|19,93||90,60|9||||0|0||||||||
|C190|500|5405||70,67|0|0|0|0|0|0||
|C100|1|0||65|00|0|000002415|22200122030835000127650000000024151536050638|06012020|06012020|37,50|0|12,50||50,00|9||||0|0||||||||
|C190|500|5405||37,50|0|0|0|0|0|0||
|C100|1|0||65|00|0|000002416|22200122030835000127650000000024161453031609|06012020|06012020|32,00|0|8,00||40,00|9||||0|0||||||||
|C190|500|5405||32,00|0|0|0|0|0|0||
|C100|1|0||65|00|0|000002417|22200122030835000127650000000024171284419220|06012020|06012020|258,00|0|33,84||291,84|9||||0|0||||||||
|C190|500|5405||258,00|0|0|0|0|0|0||
|C100|1|0||65|00|0|000002418|22200122030835000127650000000024181205508094|06012020|06012020|74,00|0|24,74||98,74|9||||0|0||||||||
|C190|500|5405||74,00|0|0|0|0|0|0||
|C100|1|0||65|00|0|000002419|22200122030835000127650000000024191227088346|06012020|06012020|165,00|0|26,99||191,99|9||||0|0||||||||
|C190|500|5405||165,00|0|0|0|0|0|0||
|C100|1|0||65|00|0|000002420|22200122030835000127650000000024201392398756|06012020|06012020|190,00|0|48,50||238,50|9||||0|0||||||||
|C190|500|5405||190,00|0|0|0|0|0|0||
|C100|1|0||65|00|0|000002421|22200122030835000127650000000024211561011141|06012020|06012020|30,00|0|10,54||40,54|9||||0|0||||||||
|C190|500|5405||30,00|0|0|0|0|0|0||
|C100|1|0||65|00|0|000002422|22200122030835000127650000000024221989549019|06012020|06012020|13,00|0|2,00||15,00|9||||0|0||||||||
|C190|500|5405||13,00|0|0|0|0|0|0||
|C100|1|0||65|00|0|000002423|22200122030835000127650000000024231683888697|06012020|06012020|65,00|0|18,50||83,50|9||||0|0||||||||
|C190|500|5405||65,00|0|0|0|0|0|0||
|C100|1|0||65|00|0|000002424|22200122030835000127650000000024241332571825|06012020|06012020|18,00|0|2,00||20,00|9||||0|0||||||||
|C190|500|5405||18,00|0|0|0|0|0|0||
|C100|1|0||65|00|0|000002425|22200122030835000127650000000024251741219572|06012020|06012020|135,00|0|45,00||180,00|9||||0|0||||||||
|C190|500|5405||135,00|0|0|0|0|0|0||
|C100|1|0||65|00|0|000002426|22200122030835000127650000000024261451341488|06012020|06012020|135,00|0|25,00||160,00|9||||0|0||||||||
|C190|500|5405||135,00|0|0|0|0|0|0||
|C100|1|0||65|00|0|000002427|22200122030835000127650000000024271564313118|06012020|06012020|37,76|0|9,44||47,20|9||||0|0||||||||
|C190|500|5405||37,76|0|0|0|0|0|0||
|C100|1|0||65|00|0|000002428|22200122030835000127650000000024281193912040|06012020|06012020|128,00|0|22,00||150,00|9||||0|0||||||||
|C190|500|5405||128,00|0|0|0|0|0|0||
|C100|1|0||65|00|0|000002429|22200122030835000127650000000024291252854770|06012020|06012020|300,00|0|48,00||348,00|9||||0|0||||||||
|C190|500|5405||300,00|0|0|0|0|0|0||
|C100|1|0||65|00|0|000002430|22200122030835000127650000000024301616651898|06012020|06012020|105,00|0|14,00||119,00|9||||0|0||||||||
|C190|500|5405||105,00|0|0|0|0|0|0||
|C100|1|0||65|00|0|000002431|22200122030835000127650000000024311831726756|06012020|06012020|550,00|1|83,50||633,50|9||||0|0||||||||
|C190|500|5405||550,00|0|0|0|0|0|0||
|C100|1|0||65|00|0|000002432|22200122030835000127650000000024321761187980|06012020|06012020|58,00|0|7,00||65,00|9||||0|0||||||||
|C190|500|5405||58,00|0|0|0|0|0|0||
|C100|1|0||65|00|0|000002433|22200122030835000127650000000024331358338256|06012020|06012020|100,00|1|17,16||117,16|9||||0|0||||||||
|C190|500|5405||100,00|0|0|0|0|0|0||
|C100|1|0||65|00|0|000002434|22200122030835000127650000000024341042693720|06012020|06012020|273,75|1|91,25||365,00|9||||0|0||||||||
|C190|500|5405||273,75|0|0|0|0|0|0||
|C100|1|0||65|00|0|000002435|22200122030835000127650000000024351337563921|07012020|07012020|12,00|0|1,76||13,76|9||||0|0||||||||
|C190|500|5405||12,00|0|0|0|0|0|0||
|C100|1|0||65|00|0|000002436|22200122030835000127650000000024361834222801|07012020|07012020|6,00|0|0,10||6,10|9||||0|0||||||||
|C190|500|5405||6,00|0|0|0|0|0|0||
|C100|1|0||65|00|0|000002437|22200122030835000127650000000024371794364276|07012020|07012020|350,00|0|99,51||449,51|9||||0|0||||||||
|C190|500|5405||350,00|0|0|0|0|0|0||
|C100|1|0||65|00|0|000002438|22200122030835000127650000000024381662308449|07012020|07012020|160,00|0|17,23||177,23|9||||0|0||||||||
|C190|500|5405||160,00|0|0|0|0|0|0||
|C100|1|0||65|00|0|000002439|22200122030835000127650000000024391711345257|07012020|07012020|135,00|0|20,00||155,00|9||||0|0||||||||
|C190|500|5405||135,00|0|0|0|0|0|0||
|C100|1|0||65|00|0|000002440|22200122030835000127650000000024401827618854|07012020|07012020|35,50|0|8,54||44,04|9||||0|0||||||||
|C190|500|5405||35,50|0|0|0|0|0|0||
|C100|1|0||65|00|0|000002441|22200122030835000127650000000024411835912933|07012020|07012020|219,00|0|54,75||273,75|9||||0|0||||||||
|C190|500|5405||219,00|0|0|0|0|0|0||
|C100|1|0||65|00|0|000002442|22200122030835000127650000000024421815138601|07012020|07012020|232,88|1|77,62||310,50|9||||0|0||||||||
|C190|500|5405||232,88|0|0|0|0|0|0||
|C100|1|0||65|00|0|000002443|22200122030835000127650000000024431624945968|07012020|07012020|500,00|0|82,12||582,12|9||||0|0||||||||
|C190|500|5405||500,00|0|0|0|0|0|0||
|C100|1|0||65|00|0|000002444|22200122030835000127650000000024441566003249|07012020|07012020|280,00|0|67,72||347,72|9||||0|0||||||||
|C190|500|5405||280,00|0|0|0|0|0|0||
|C100|1|0||65|00|0|000002445|22200122030835000127650000000024451221290313|07012020|07012020|20,00|0|2,60||22,60|9||||0|0||||||||
|C190|500|5405||20,00|0|0|0|0|0|0||
|C100|1|0||65|00|0|000002446|22200122030835000127650000000024461141573260|07012020|07012020|40,80|0|10,20||51,00|9||||0|0||||||||
|C190|500|5405||40,80|0|0|0|0|0|0||
|C100|1|0||65|00|0|000002447|22200122030835000127650000000024471281923171|07012020|07012020|7,00|0|1,30||8,30|9||||0|0||||||||
|C190|500|5405||7,00|0|0|0|0|0|0||
|C100|1|0||65|00|0|000002448|22200122030835000127650000000024481830920831|07012020|07012020|85,00|0|10,00||95,00|9||||0|0||||||||
|C190|500|5405||85,00|0|0|0|0|0|0||
|C100|1|0||65|00|0|000002449|22200122030835000127650000000024491639922270|07012020|07012020|13,51|0|5,79||19,30|9||||0|0||||||||
|C190|500|5405||13,51|0|0|0|0|0|0||
|C100|1|0||65|00|0|000002450|22200122030835000127650000000024501418971104|07012020|07012020|240,00|0|26,00||266,00|9||||0|0||||||||
|C190|500|5405||240,00|0|0|0|0|0|0||
|C100|1|0||65|00|0|000002451|22200122030835000127650000000024511677284747|07012020|07012020|215,00|0|26,40||241,40|9||||0|0||||||||
|C190|500|5405||215,00|0|0|0|0|0|0||
|C100|1|0||65|00|0|000002452|22200122030835000127650000000024521566003240|07012020|07012020|30,90|0|10,30||41,20|9||||0|0||||||||
|C190|500|5405||30,90|0|0|0|0|0|0||
|C100|1|0||65|00|0|000002454|22200122030835000127650000000024541404879005|07012020|07012020|46,00|0|6,00||52,00|9||||0|0||||||||
|C190|500|5405||46,00|0|0|0|0|0|0||
|C100|1|0||65|00|0|000002455|22200122030835000127650000000024551437249385|07012020|07012020|320,00|0|61,08||381,08|9||||0|0||||||||
|C190|500|5405||320,00|0|0|0|0|0|0||
|C100|1|0||65|00|0|000002456|22200122030835000127650000000024561085048300|07012020|07012020|335,00|0|86,50||421,50|9||||0|0||||||||
|C190|500|5405||335,00|0|0|0|0|0|0||
|C100|1|0||65|00|0|000002457|22200122030835000127650000000024571313487629|07012020|07012020|54,00|0|7,00||61,00|9||||0|0||||||||
|C190|500|5405||54,00|0|0|0|0|0|0||
|C100|1|0||65|00|0|000002458|22200122030835000127650000000024581328463922|07012020|07012020|7,60|0|1,90||9,50|9||||0|0||||||||
|C190|500|5405||7,60|0|0|0|0|0|0||
|C100|1|0||65|00|0|000002459|22200122030835000127650000000024591531942748|07012020|07012020|40,40|0|10,10||50,50|9||||0|0||||||||
|C190|500|5405||40,40|0|0|0|0|0|0||
|C100|1|0||65|00|0|000002460|22200122030835000127650000000024601398196778|07012020|07012020|78,00|0|26,00||104,00|9||||0|0||||||||
|C190|500|5405||78,00|0|0|0|0|0|0||
|C100|1|0||65|00|0|000002461|22200122030835000127650000000024611982060861|07012020|07012020|9,75|0|3,25||13,00|9||||0|0||||||||
|C190|500|5405||9,75|0|0|0|0|0|0||
|C100|1|0||65|00|0|000002462|22200122030835000127650000000024621187229816|07012020|07012020|2,70|0|0,30||3,00|9||||0|0||||||||
|C190|500|5405||2,70|0|0|0|0|0|0||
|C100|1|0||65|00|0|000002463|22200122030835000127650000000024631670602515|08012020|08012020|359,13|0|119,71||478,84|9||||0|0||||||||
|C190|500|5405||359,13|0|0|0|0|0|0||
|C100|1|0||65|00|0|000002464|22200122030835000127650000000024641013625320|08012020|08012020|620,00|0|70,00||690,00|9||||0|0||||||||
|C190|500|5405||620,00|0|0|0|0|0|0||
|C100|1|0||65|00|0|000002465|22200122030835000127650000000024651095032503|08012020|08012020|9,90|0|1,10||11,00|9||||0|0||||||||
|C190|500|5405||9,90|0|0|0|0|0|0||
|C100|1|0||65|00|0|000002466|22200122030835000127650000000024661996231244|08012020|08012020|21,75|0|7,25||29,00|9||||0|0||||||||
|C190|500|5405||21,75|0|0|0|0|0|0||
|C100|1|0||65|00|0|000002467|22200122030835000127650000000024671761187986|08012020|08012020|189,00|0|47,25||236,25|9||||0|0||||||||
|C190|500|5405||189,00|0|0|0|0|0|0||
|C100|1|0||65|00|0|000002468|22200122030835000127650000000024681775280077|08012020|08012020|12,00|0|4,00||16,00|9||||0|0||||||||
|C190|500|5405||12,00|0|0|0|0|0|0||
|C100|1|0||65|00|0|000002469|22200122030835000127650000000024691087544354|08012020|08012020|6,00|0|0,30||6,30|9||||0|0||||||||
|C190|500|5405||6,00|0|0|0|0|0|0||
|C100|1|0||65|00|0|000002470|22200122030835000127650000000024701683888697|08012020|08012020|110,00|0|15,50||125,50|9||||0|0||||||||
|C190|500|5405||110,00|0|0|0|0|0|0||
|C100|1|0||65|00|0|000002471|22200122030835000127650000000024711168145610|08012020|08012020|48,00|0|6,30||54,30|9||||0|0||||||||
|C190|500|5405||48,00|0|0|0|0|0|0||
|C100|1|0||65|00|0|000002472|22200122030835000127650000000024721752009701|08012020|08012020|420,00|0|64,50||484,50|9||||0|0||||||||
|C190|500|5405||420,00|0|0|0|0|0|0||
|C100|1|0||65|00|0|000002473|22200122030835000127650000000024731270327122|08012020|08012020|7,00|0|1,40||8,40|9||||0|0||||||||
|C190|500|5405||7,00|0|0|0|0|0|0||
|C100|1|0||65|00|0|000002474|22200122030835000127650000000024741240374510|08012020|08012020|25,00|0|3,00||28,00|9||||0|0||||||||
|C190|500|5405||25,00|0|0|0|0|0|0||
|C100|1|0||65|00|0|000002475|22200122030835000127650000000024751323471820|08012020|08012020|986,00|0|174,00||1160,00|9||||0|0||||||||
|C190|500|5405||986,00|0|0|0|0|0|0||
|C100|1|0||65|00|0|000002476|22200122030835000127650000000024761914824064|08012020|08012020|130,00|0|16,00||146,00|9||||0|0||||||||
|C190|500|5405||130,00|0|0|0|0|0|0||
|C100|1|0||65|00|0|000002477|22200122030835000127650000000024771930606294|08012020|08012020|19,90|0|4,10||24,00|9||||0|0||||||||
|C190|500|5405||19,90|0|0|0|0|0|0||
|C100|1|0||65|00|0|000002478|22200122030835000127650000000024781778582054|08012020|08012020|10,00|0|2,00||12,00|9||||0|0||||||||
|C190|500|5405||10,00|0|0|0|0|0|0||
|C100|1|0||65|00|0|000002479|22200122030835000127650000000024791645720291|08012020|08012020|1260,00|0|205,50||1465,50|9||||0|0||||||||
|C190|500|5405||1260,00|0|0|0|0|0|0||
|C100|1|0||65|00|0|000002480|22200122030835000127650000000024801487898037|08012020|08012020|40,00|0|6,00||46,00|9||||0|0||||||||
|C190|500|5405||40,00|0|0|0|0|0|0||
|C100|1|0||65|00|0|000002481|22200122030835000127650000000024811670602513|08012020|08012020|295,00|0|55,00||350,00|9||||0|0||||||||
|C190|500|5405||295,00|0|0|0|0|0|0||
|C100|1|0||65|00|0|000002482|22200122030835000127650000000024821163153510|08012020|08012020|67,00|0|8,00||75,00|9||||0|0||||||||
|C190|500|5405||67,00|0|0|0|0|0|0||
|C100|1|0||65|00|0|000002483|22200122030835000127650000000024831305193557|08012020|08012020|250,00|0|30,41||280,41|9||||0|0||||||||
|C190|500|5405||250,00|0|0|0|0|0|0||
|C100|1|0||65|00|0|000002484|22200122030835000127650000000024841913133930|08012020|08012020|60,00|0|8,40||68,40|9||||0|0||||||||
|C190|500|5405||60,00|0|0|0|0|0|0||
|C100|1|0||65|00|0|000002485|22200122030835000127650000000024851846703057|08012020|08012020|78,00|0|12,00||90,00|9||||0|0||||||||
|C190|500|5405||78,00|0|0|0|0|0|0||
|C100|1|0||65|00|0|000002486|22200122030835000127650000000024861894855659|08012020|08012020|200,00|0|37,12||237,12|9||||0|0||||||||
|C190|500|5405||200,00|0|0|0|0|0|0||
|C100|1|0||65|00|0|000002487|22200122030835000127650000000024871716337357|08012020|08012020|50,00|1|8,58||58,58|9||||0|0||||||||
|C190|500|5405||50,00|0|0|0|0|0|0||
|C100|1|0||65|00|0|000002488|22200122030835000127650000000024881466317785|08012020|08012020|86,25|0|28,75||115,00|9||||0|0||||||||
|C190|500|5405||86,25|0|0|0|0|0|0||
|C100|1|0||65|00|0|000002489|22200122030835000127650000000024891944698383|08012020|08012020|150,00|0|17,98||167,98|9||||0|0||||||||
|C190|500|5405||150,00|0|0|0|0|0|0||
|C100|1|0||65|00|0|000002490|22200122030835000127650000000024901217988340|08012020|08012020|140,00|0|30,42||170,42|9||||0|0||||||||
|C190|500|5405||140,00|0|0|0|0|0|0||
|C100|1|0||65|00|0|000002491|22200122030835000127650000000024911078444360|08012020|08012020|135,00|0|31,73||166,73|9||||0|0||||||||
|C190|500|5405||135,00|0|0|0|0|0|0||
|C100|1|0||65|00|0|000002492|22200122030835000127650000000024921671486723|08012020|08012020|60,00|0|7,04||67,04|9||||0|0||||||||
|C190|500|5405||60,00|0|0|0|0|0|0||
|C100|1|0||65|00|0|000002493|22200122030835000127650000000024931413173088|08012020|08012020|9,00|0|1,00||10,00|9||||0|0||||||||
|C190|500|5405||9,00|0|0|0|0|0|0||
|C100|1|0||65|00|0|000002494|22200122030835000127650000000024941683888699|08012020|08012020|240,00|0|50,00||290,00|9||||0|0||||||||
|C190|500|5405||240,00|0|0|0|0|0|0||
|C100|1|0||65|00|0|000002495|22200122030835000127650000000024951217988346|08012020|08012020|160,00|0|19,00||179,00|9||||0|0||||||||
|C190|500|5405||160,00|0|0|0|0|0|0||
|C100|1|0||65|00|0|000002496|22200122030835000127650000000024961906529990|08012020|08012020|8,00|0|1,50||9,50|9||||0|0||||||||
|C190|500|5405||8,00|0|0|0|0|0|0||
|C100|1|0||65|00|0|000002497|22200122030835000127650000000024971827618857|08012020|08012020|18,00|0|2,00||20,00|9||||0|0||||||||
|C190|500|5405||18,00|0|0|0|0|0|0||
|C100|1|0||65|00|0|000002498|22200122030835000127650000000024981403188887|08012020|08012020|8,00|0|0,64||8,64|9||||0|0||||||||
|C190|500|5405||8,00|0|0|0|0|0|0||
|C100|1|0||65|00|0|000002499|22200122030835000127650000000024991057670032|08012020|08012020|300,00|1|143,75||443,75|9||||0|0||||||||
|C190|500|5405||300,00|0|0|0|0|0|0||
|C100|1|0||65|00|0|000002500|22200122030835000127650000000025001811836636|08012020|08012020|330,00|0|115,00||445,00|9||||0|0||||||||
|C190|500|5405||330,00|0|0|0|0|0|0||
|C100|1|0||65|00|0|000002501|22200122030835000127650000000025011263644890|08012020|08012020|100,00|0|15,00||115,00|9||||0|0||||||||
|C190|500|5405||100,00|0|0|0|0|0|0||
|C100|1|0||65|00|0|000002502|22200122030835000127650000000025021316789593|08012020|08012020|160,00|0|30,00||190,00|9||||0|0||||||||
|C190|500|5405||160,00|0|0|0|0|0|0||
|C100|1|0||65|00|0|000002503|22200122030835000127650000000025031757807728|08012020|08012020|24,00|0|3,00||27,00|9||||0|0||||||||
|C190|500|5405||24,00|0|0|0|0|0|0||
|C100|1|0||65|00|0|000002504|22200122030835000127650000000025041453031603|09012020|09012020|378,00|0|43,00||421,00|9||||0|0||||||||
|C190|500|5405||378,00|0|0|0|0|0|0||
|C100|1|0||65|00|0|000002505|22200122030835000127650000000025051300201445|09012020|09012020|155,00|0|22,00||177,00|9||||0|0||||||||
|C190|500|5405||155,00|0|0|0|0|0|0||
|C100|1|0||65|00|0|000002506|22200122030835000127650000000025061149061411|09012020|09012020|150,00|1|19,48||169,48|9||||0|0||||||||
|C190|500|5405||150,00|0|0|0|0|0|0||
|C100|1|0||65|00|0|000002507|22200122030835000127650000000025071450535556|09012020|09012020|140,00|0|17,00||157,00|9||||0|0||||||||
|C190|500|5405||140,00|0|0|0|0|0|0||
|C100|1|0||65|00|0|000002508|22200122030835000127650000000025081667300540|09012020|09012020|70,00|0|12,00||82,00|9||||0|0||||||||
|C190|500|5405||70,00|0|0|0|0|0|0||
|C100|1|0||65|00|0|000002509|22200122030835000127650000000025091866671464|09012020|09012020|246,00|0|82,01||328,01|9||||0|0||||||||
|C190|500|5405||246,00|0|0|0|0|0|0||
|C100|1|0||65|00|0|000002510|22200122030835000127650000000025101236266626|09012020|09012020|117,00|0|13,00||130,00|9||||0|0||||||||
|C190|500|5405||117,00|0|0|0|0|0|0||
|C100|1|0||65|00|0|000002511|22200122030835000127650000000025111740413650|09012020|09012020|225,00|0|34,50||259,50|9||||0|0||||||||
|C190|500|5405||225,00|0|0|0|0|0|0||
|C100|1|0||65|00|0|000002512|22200122030835000127650000000025121732119584|09012020|09012020|55,00|0|6,74||61,74|9||||0|0||||||||
|C190|500|5405||55,00|0|0|0|0|0|0||
|C100|1|0||65|00|0|000002513|22200122030835000127650000000025131688074875|09012020|09012020|285,30|1|||285,30|9||||0|0||||||||
|C190|500|5405||285,30|0|0|0|0|0|0||
|C100|1|0||65|00|0|000002514|22200122030835000127650000000025141163959430|09012020|09012020|205,00|0|24,00||229,00|9||||0|0||||||||
|C190|500|5405||205,00|0|0|0|0|0|0||
|C100|1|0||65|00|0|000002515|22200122030835000127650000000025151089234489|09012020|09012020|24,00|0|8,50||32,50|9||||0|0||||||||
|C190|500|5405||24,00|0|0|0|0|0|0||
|C100|1|0||65|00|0|000002516|22200122030835000127650000000025161540236816|09012020|09012020|95,00|0|18,80||113,80|9||||0|0||||||||
|C190|500|5405||95,00|0|0|0|0|0|0||
|C100|1|0||65|00|0|000002517|22200122030835000127650000000025171012013482|09012020|09012020|130,00|0|20,00||150,00|9||||0|0||||||||
|C190|500|5405||130,00|0|0|0|0|0|0||
|C100|1|0||65|00|0|000002518|22200122030835000127650000000025181943892465|09012020|09012020|510,00|0|70,00||580,00|9||||0|0||||||||
|C190|500|5405||510,00|0|0|0|0|0|0||
|C100|1|0||65|00|0|000002520|22200122030835000127650000000025201184733764|09012020|09012020|45,00|0|5,00||50,00|9||||0|0||||||||
|C190|500|5405||45,00|0|0|0|0|0|0||
|C100|1|0||65|00|0|000002521|22200122030835000127650000000025211977952962|09012020|09012020|152,00|0|38,00||190,00|9||||0|0||||||||
|C190|500|5405||152,00|0|0|0|0|0|0||
|C100|1|0||65|00|0|000002522|22200122030835000127650000000025221286915270|09012020|09012020|535,00|0|120,25||655,25|9||||0|0||||||||
|C190|500|5405||535,00|0|0|0|0|0|0||
|C100|1|0||65|00|0|000002523|22200122030835000127650000000025231058475958|09012020|09012020|279,00|0|31,49||310,49|9||||0|0||||||||
|C190|500|5405||279,00|0|0|0|0|0|0||
|C100|1|0||65|00|0|000002524|22200122030835000127650000000025241251164648|09012020|09012020|115,00|0|21,25||136,25|9||||0|0||||||||
|C190|500|5405||115,00|0|0|0|0|0|0||
|C100|1|0||65|00|0|000002525|22200122030835000127650000000025251355842208|09012020|09012020|125,00|0|19,35||144,35|9||||0|0||||||||
|C190|500|5405||125,00|0|0|0|0|0|0||
|C100|1|0||65|00|0|000002526|22200122030835000127650000000025261659006474|09012020|09012020|95,00|1|11,00||106,00|9||||0|0||||||||
|C190|500|5405||95,00|0|0|0|0|0|0||
|C100|1|0||65|00|0|000002527|22200122030835000127650000000025271325083672|09012020|09012020|120,01|0|30,00||150,01|9||||0|0||||||||
|C190|500|5405||120,01|0|0|0|0|0|0||
|C100|1|0||65|00|0|000002528|22200122030835000127650000000025281593381510|09012020|09012020|200,00|0|31,00||231,00|9||||0|0||||||||
|C190|500|5405||200,00|0|0|0|0|0|0||
|C100|1|0||65|00|0|000002529|22200122030835000127650000000025291271133043|09012020|09012020|60,00|0|10,00||70,00|9||||0|0||||||||
|C190|500|5405||60,00|0|0|0|0|0|0||
|C100|1|0||65|00|0|000002530|22200122030835000127650000000025301815944521|09012020|09012020|1120,00|1|259,00||1379,00|9||||0|0||||||||
|C190|500|5405||1120,00|0|0|0|0|0|0||
|C100|1|0||65|00|0|000002531|22200122030835000127650000000025311981254944|10012020|10012020|105,94|1|35,76||141,70|9||||0|0||||||||
|C190|500|5405||105,94|0|0|0|0|0|0||
|C100|1|0||65|00|0|000002532|22200122030835000127650000000025321124100910|10012020|10012020|7,60|0|1,90||9,50|9||||0|0||||||||
|C190|500|5405||7,60|0|0|0|0|0|0||
|C100|1|0||65|00|0|000002533|22200122030835000127650000000025331130783141|10012020|10012020|28,00|0|7,00||35,00|9||||0|0||||||||
|C190|500|5405||28,00|0|0|0|0|0|0||
|C100|1|0||65|00|0|000002534|22200122030835000127650000000025341435559250|10012020|10012020|65,00|0|8,00||73,00|9||||0|0||||||||
|C190|500|5405||65,00|0|0|0|0|0|0||
|C100|1|0||65|00|0|000002535|22200122030835000127650000000025351159851549|10012020|10012020|140,00|1|25,00||165,00|9||||0|0||||||||
|C190|500|5405||140,00|0|0|0|0|0|0||
|C100|1|0||65|00|0|000002536|22200122030835000127650000000025361785264289|10012020|10012020|725,00|0|101,76||826,76|9||||0|0||||||||
|C190|500|5405||725,00|0|0|0|0|0|0||
|C100|1|0||65|00|0|000002537|22200122030835000127650000000025371096722636|10012020|10012020|145,00|0|18,42||163,42|9||||0|0||||||||
|C190|500|5405||145,00|0|0|0|0|0|0||
|C100|1|0||65|00|0|000002538|22200122030835000127650000000025381013625325|10012020|10012020|54,00|0|6,00||60,00|9||||0|0||||||||
|C190|500|5405||54,00|0|0|0|0|0|0||
|C100|1|0||65|00|0|000002539|22200122030835000127650000000025391038585839|10012020|10012020|212,00|0|71,41||283,41|9||||0|0||||||||
|C190|500|5405||212,00|0|0|0|0|0|0||
|C100|1|0||65|00|0|000002540|22200122030835000127650000000025401680586726|10012020|10012020|155,00|0|18,00||173,00|9||||0|0||||||||
|C190|500|5405||155,00|0|0|0|0|0|0||
|C100|1|0||65|00|0|000002541|22200122030835000127650000000025411511168410|10012020|10012020|180,00|0|32,00||212,00|9||||0|0||||||||
|C190|500|5405||180,00|0|0|0|0|0|0||
|C100|1|0||65|00|0|000002542|22200122030835000127650000000025421385716520|10012020|10012020|125,00|0|25,00||150,00|9||||0|0||||||||
|C190|500|5405||125,00|0|0|0|0|0|0||
|C100|1|0||65|00|0|000002543|22200122030835000127650000000025431174749565|10012020|10012020|320,00|0|67,12||387,12|9||||0|0||||||||
|C190|500|5405||320,00|0|0|0|0|0|0||
|C100|1|0||65|00|0|000002544|22200122030835000127650000000025441796054401|10012020|10012020|9,00|0|1,00||10,00|9||||0|0||||||||
|C190|500|5405||9,00|0|0|0|0|0|0||
|C100|1|0||65|00|0|000002545|22200122030835000127650000000025451227088341|10012020|10012020|50,00|0|9,00||59,00|9||||0|0||||||||
|C190|500|5405||50,00|0|0|0|0|0|0||
|C100|1|0||65|00|0|000002546|22200122030835000127650000000025461744521542|10012020|10012020|278,00|0|32,00||310,00|9||||0|0||||||||
|C190|500|5405||278,00|0|0|0|0|0|0||
|C100|1|0||65|00|0|000002547|22200122030835000127650000000025471472921730|10012020|10012020|15,00|0|1,00||16,00|9||||0|0||||||||
|C190|500|5405||15,00|0|0|0|0|0|0||
|C100|1|0||65|00|0|000002548|22200122030835000127650000000025481237072547|10012020|10012020|530,00|0|74,20||604,20|9||||0|0||||||||
|C190|500|5405||530,00|0|0|0|0|0|0||
|C100|1|0||65|00|0|000002549|22200122030835000127650000000025491482905936|11012020|11012020|438,00|1|146,99||584,99|9||||0|0||||||||
|C190|500|5405||438,00|0|0|0|0|0|0||
|C100|1|0||65|00|0|000002550|22200122030835000127650000000025501216298218|11012020|11012020|370,00|1|59,00||429,00|9||||0|0||||||||
|C190|500|5405||370,00|0|0|0|0|0|0||
|C100|1|0||65|00|0|000002551|22200122030835000127650000000025511002835201|11012020|11012020|7,00|0|1,00||8,00|9||||0|0||||||||
|C190|500|5405||7,00|0|0|0|0|0|0||
|C100|1|0||65|00|0|000002552|22200122030835000127650000000025521392398755|11012020|11012020|50,00|0|8,00||58,00|9||||0|0||||||||
|C190|500|5405||50,00|0|0|0|0|0|0||
|C100|1|0||65|00|0|000002553|22200122030835000127650000000025531402382950|11012020|11012020|57,00|1|7,00||64,00|9||||0|0||||||||
|C190|500|5405||57,00|0|0|0|0|0|0||
|C100|1|0||65|00|0|000002554|22200122030835000127650000000025541914824062|11012020|11012020|120,00|1|30,00||150,00|9||||0|0||||||||
|C190|500|5405||120,00|0|0|0|0|0|0||
|C100|1|0||65|00|0|000002555|22200122030835000127650000000025551764489953|11012020|11012020|208,00|1|52,00||260,00|9||||0|0||||||||
|C190|500|5405||208,00|0|0|0|0|0|0||
|C100|1|0||65|00|0|000002556|22200122030835000127650000000025561904839860|11012020|11012020|231,00|0|74,00||305,00|9||||0|0||||||||
|C190|500|5405||231,00|0|0|0|0|0|0||
|C100|1|0||65|00|0|000002557|22200122030835000127650000000025571950496411|11012020|11012020|30,00|0|6,36||36,36|9||||0|0||||||||
|C190|500|5405||30,00|0|0|0|0|0|0||
|C100|1|0||65|00|0|000002558|22200122030835000127650000000025581991239143|11012020|11012020|104,00|0|26,00||130,00|9||||0|0||||||||
|C190|500|5405||104,00|0|0|0|0|0|0||
|C100|1|0||65|00|0|000002559|22200122030835000127650000000025591163959431|11012020|11012020|328,00|0|82,00||410,00|9||||0|0||||||||
|C190|500|5405||328,00|0|0|0|0|0|0||
|C100|1|0||65|00|0|000002560|22200122030835000127650000000025601217988346|11012020|11012020|273,00|0|92,00||365,00|9||||0|0||||||||
|C190|500|5405||273,00|0|0|0|0|0|0||
|C100|1|0||65|00|0|000002562|22200122030835000127650000000025621134085114|11012020|11012020|860,00|0|117,05||977,05|9||||0|0||||||||
|C190|500|5405||860,00|0|0|0|0|0|0||
|C100|1|0||65|00|0|000002563|22200122030835000127650000000025631834222804|13012020|13012020|4,80|0|0,55||5,35|9||||0|0||||||||
|C190|500|5405||4,80|0|0|0|0|0|0||
|C100|1|0||65|00|0|000002564|22200122030835000127650000000025641231274524|13012020|13012020|25,00|0|3,00||28,00|9||||0|0||||||||
|C190|500|5405||25,00|0|0|0|0|0|0||
|C100|1|0||65|00|0|000002565|22200122030835000127650000000025651690570929|13012020|13012020|284,63|1|31,62||316,25|9||||0|0||||||||
|C190|500|5405||284,63|0|0|0|0|0|0||
|C100|1|0||65|00|0|000002566|22200122030835000127650000000025661507866441|13012020|13012020|100,00|1|17,28||117,28|9||||0|0||||||||
|C190|500|5405||100,00|0|0|0|0|0|0||
|C100|1|0||65|00|0|000002567|22200122030835000127650000000025671041081883|13012020|13012020|115,00|0|14,00||129,00|9||||0|0||||||||
|C190|500|5405||115,00|0|0|0|0|0|0||
|C100|1|0||65|00|0|000002568|22200122030835000127650000000025681572607182|13012020|13012020|30,00|0|3,60||33,60|9||||0|0||||||||
|C190|500|5405||30,00|0|0|0|0|0|0||
|C100|1|0||65|00|0|000002569|22200122030835000127650000000025691549336817|13012020|13012020|189,00|0|47,25||236,25|9||||0|0||||||||
|C190|500|5405||189,00|0|0|0|0|0|0||
|C100|1|0||65|00|0|000002570|22200122030835000127650000000025701655704493|13012020|13012020|217,84|1|54,46||272,30|9||||0|0||||||||
|C190|500|5405||217,84|0|0|0|0|0|0||
|C100|1|0||65|00|0|000002572|22200122030835000127650000000025721041887802|13012020|13012020|35,00|0|5,00||40,00|9||||0|0||||||||
|C190|500|5405||35,00|0|0|0|0|0|0||
|C100|1|0||65|00|0|000002573|22200122030835000127650000000025731056864118|13012020|13012020|100,00|0|12,00||112,00|9||||0|0||||||||
|C190|500|5405||100,00|0|0|0|0|0|0||
|C100|1|0||65|00|0|000002574|22200122030835000127650000000025741027795704|13012020|13012020|272,00|1|12,88||284,88|9||||0|0||||||||
|C190|500|5405||272,00|0|0|0|0|0|0||
|C100|1|0||65|00|0|000002575|22200122030835000127650000000025751658200557|13012020|13012020|150,00|0|20,00||170,00|9||||0|0||||||||
|C190|500|5405||150,00|0|0|0|0|0|0||
|C100|1|0||65|00|0|000002576|22200122030835000127650000000025761377422456|13012020|13012020|250,00|0|57,04||307,04|9||||0|0||||||||
|C190|500|5405||250,00|0|0|0|0|0|0||
|C100|1|0||65|00|0|000002577|22200122030835000127650000000025771840905034|13012020|13012020|480,00|0|120,00||600,00|9||||0|0||||||||
|C190|500|5405||480,00|0|0|0|0|0|0||
|C100|1|0||65|00|0|000002578|22200122030835000127650000000025781698059075|13012020|13012020|690,00|0|91,98||781,98|9||||0|0||||||||
|C190|500|5405||690,00|0|0|0|0|0|0||
|C100|1|0||65|00|0|000002579|22200122030835000127650000000025791582591398|13012020|13012020|320,00|0|40,00||360,00|9||||0|0||||||||
|C190|500|5405||320,00|0|0|0|0|0|0||
|C100|1|0||65|00|0|000002580|22200122030835000127650000000025801639038065|13012020|13012020|365,00|0|69,00||434,00|9||||0|0||||||||
|C190|500|5405||365,00|0|0|0|0|0|0||
|C100|1|0||65|00|0|000002581|22200122030835000127650000000025811261148846|13012020|13012020|280,00|0|54,98||334,98|9||||0|0||||||||
|C190|500|5405||280,00|0|0|0|0|0|0||
|C100|1|0||65|00|0|000002582|22200122030835000127650000000025821570111138|13012020|13012020|30,00|0|5,00||35,00|9||||0|0||||||||
|C190|500|5405||30,00|0|0|0|0|0|0||
|C100|1|0||65|00|0|000002583|22200122030835000127650000000025831937210232|13012020|13012020|180,00|0|28,00||208,00|9||||0|0||||||||
|C190|500|5405||180,00|0|0|0|0|0|0||
|C100|1|0||65|00|0|000002585|22200122030835000127650000000025851551832862|13012020|13012020|70,00|0|10,00||80,00|9||||0|0||||||||
|C190|500|5405||70,00|0|0|0|0|0|0||
|C100|1|0||65|00|0|000002586|22200122030835000127650000000025861757807720|13012020|13012020|330,00|0|60,00||390,00|9||||0|0||||||||
|C190|500|5405||330,00|0|0|0|0|0|0||
|C100|1|0||65|00|0|000002587|22200122030835000127650000000025871851695156|13012020|13012020|110,00|0|20,00||130,00|9||||0|0||||||||
|C190|500|5405||110,00|0|0|0|0|0|0||
|C100|1|0||65|00|0|000002588|22200122030835000127650000000025881605861778|13012020|13012020|370,00|0|50,00||420,00|9||||0|0||||||||
|C190|500|5405||370,00|0|0|0|0|0|0||
|C100|1|0||65|00|0|000002589|22200122030835000127650000000025891563507197|14012020|14012020|165,00|0|22,00||187,00|9||||0|0||||||||
|C190|500|5405||165,00|0|0|0|0|0|0||
|C100|1|0||65|00|0|000002590|22200122030835000127650000000025901767791927|14012020|14012020|145,00|1|18,35||163,35|9||||0|0||||||||
|C190|500|5405||145,00|0|0|0|0|0|0||
|C100|1|0||65|00|0|000002591|22200122030835000127650000000025911776086006|14012020|14012020|12,00|0|2,00||14,00|9||||0|0||||||||
|C190|500|5405||12,00|0|0|0|0|0|0||
|C100|1|0||65|00|0|000002592|22200122030835000127650000000025921468813834|14012020|14012020|27,00|0|3,00||30,00|9||||0|0||||||||
|C190|500|5405||27,00|0|0|0|0|0|0||
|C100|1|0||65|00|0|000002593|22200122030835000127650000000025931717949197|14012020|14012020|310,00|1|43,00||353,00|9||||0|0||||||||
|C190|500|5405||310,00|0|0|0|0|0|0||
|C100|1|0||65|00|0|000002594|22200122030835000127650000000025941638232149|14012020|14012020|540,00|1|153,46||693,46|9||||0|0||||||||
|C190|500|5405||540,00|0|0|0|0|0|0||
|C100|1|0||65|00|0|000002595|22200122030835000127650000000025951159851547|14012020|14012020|480,00|0|65,00||545,00|9||||0|0||||||||
|C190|500|5405||480,00|0|0|0|0|0|0||
|C100|1|0||65|00|0|000002596|22200122030835000127650000000025961031903602|14012020|14012020|195,00|0|30,86||225,86|9||||0|0||||||||
|C190|500|5405||195,00|0|0|0|0|0|0||
|C100|1|0||65|00|0|000002597|22200122030835000127650000000025971578405214|14012020|14012020|210,00|0|32,95||242,95|9||||0|0||||||||
|C190|500|5405||210,00|0|0|0|0|0|0||
|C100|1|0||65|00|0|000002598|22200122030835000127650000000025981110008813|14012020|14012020|615,00|0|95,00||710,00|9||||0|0||||||||
|C190|500|5405||615,00|0|0|0|0|0|0||
|C100|1|0||65|00|0|000002599|22200122030835000127650000000025991337563924|14012020|14012020|20,00|0|2,79||22,79|9||||0|0||||||||
|C190|500|5405||20,00|0|0|0|0|0|0||
|C100|1|0||65|00|0|000002600|22200122030835000127650000000026001216298211|14012020|14012020|220,00|0|46,13||266,13|9||||0|0||||||||
|C190|500|5405||220,00|0|0|0|0|0|0||
|C100|1|0||65|00|0|000002601|22200122030835000127650000000026011129898935|14012020|14012020|100,00|0|20,00||120,00|9||||0|0||||||||
|C190|500|5405||100,00|0|0|0|0|0|0||
|C100|1|0||65|00|0|000002602|22200122030835000127650000000026021812642550|14012020|14012020|135,00|0|15,00||150,00|9||||0|0||||||||
|C190|500|5405||135,00|0|0|0|0|0|0||
|C100|1|0||65|00|0|000002603|22200122030835000127650000000026031782768230|14012020|14012020|180,00|0|19,74||199,74|9||||0|0||||||||
|C190|500|5405||180,00|0|0|0|0|0|0||
|C100|1|0||65|00|0|000002604|22200122030835000127650000000026041818440570|14012020|14012020|36,00|0|4,00||40,00|9||||0|0||||||||
|C190|500|5405||36,00|0|0|0|0|0|0||
|C100|1|0||65|00|0|000002606|22200122030835000127650000000026061242064641|14012020|14012020|115,00|0|15,00||130,00|9||||0|0||||||||
|C190|500|5405||115,00|0|0|0|0|0|0||
|C100|1|0||65|00|0|000002607|22200122030835000127650000000026071572607182|14012020|14012020|222,00|0|72,74||294,74|9||||0|0||||||||
|C190|500|5405||222,00|0|0|0|0|0|0||
|C100|1|0||65|00|0|000002608|22200122030835000127650000000026081394894803|14012020|14012020|651,60|1|72,40||724,00|9||||0|0||||||||
|C190|500|5405||651,60|0|0|0|0|0|0||
|C100|1|0||65|00|0|000002609|22200122030835000127650000000026091999533211|14012020|14012020|670,00|0|118,50||788,50|9||||0|0||||||||
|C190|500|5405||670,00|0|0|0|0|0|0||
|C100|1|0||65|00|0|000002610|22200122030835000127650000000026101924808265|14012020|14012020|345,00|0|46,07||391,07|9||||0|0||||||||
|C190|500|5405||345,00|0|0|0|0|0|0||
|C100|1|0||65|00|0|000002611|22200122030835000127650000000026111922312219|14012020|14012020|365,00|1|39,28||404,28|9||||0|0||||||||
|C190|500|5405||365,00|0|0|0|0|0|0||
|C100|1|0||65|00|0|000002612|22200122030835000127650000000026121845897138|14012020|14012020|335,00|0|45,00||380,00|9||||0|0||||||||
|C190|500|5405||335,00|0|0|0|0|0|0||
|C100|1|0||65|00|0|000002613|22200122030835000127650000000026131971270731|14012020|14012020|194,00|0|22,00||216,00|9||||0|0||||||||
|C190|500|5405||194,00|0|0|0|0|0|0||
|C100|1|0||65|00|0|000002614|22200122030835000127650000000026141267831079|15012020|15012020|450,00|0|30,00||480,00|9||||0|0||||||||
|C190|500|5405||450,00|0|0|0|0|0|0||
|C100|1|0||65|00|0|000002615|22200122030835000127650000000026151218794260|15012020|15012020|390,00|0|47,40||437,40|9||||0|0||||||||
|C190|500|5405||390,00|0|0|0|0|0|0||
|C100|1|0||65|00|0|000002616|22200122030835000127650000000026161588389413|15012020|15012020|43,00|0|5,00||48,00|9||||0|0||||||||
|C190|500|5405||43,00|0|0|0|0|0|0||
|C100|1|0||65|00|0|000002617|22200122030835000127650000000026171278621196|15012020|15012020|45,00|0|7,00||52,00|9||||0|0||||||||
|C190|500|5405||45,00|0|0|0|0|0|0||
|C100|1|0||65|00|0|000002618|22200122030835000127650000000026181331765905|15012020|15012020|229,60|0|57,40||287,00|9||||0|0||||||||
|C190|500|5405||229,60|0|0|0|0|0|0||
|C100|1|0||65|00|0|000002619|22200122030835000127650000000026191104210780|15012020|15012020|478,56|1|||478,56|9||||0|0||||||||
|C190|500|5405||478,56|0|0|0|0|0|0||
|C100|1|0||65|00|0|000002620|22200122030835000127650000000026201923924063|15012020|15012020|9,00|1|1,00||10,00|9||||0|0||||||||
|C190|500|5405||9,00|0|0|0|0|0|0||
|C100|1|0||65|00|0|000002621|22200122030835000127650000000026211638232148|15012020|15012020|16,00|0|3,00||19,00|9||||0|0||||||||
|C190|500|5405||16,00|0|0|0|0|0|0||
|C100|1|0||65|00|0|000002622|22200122030835000127650000000026221556824960|15012020|15012020|150,00|0|21,80||171,80|9||||0|0||||||||
|C190|500|5405||150,00|0|0|0|0|0|0||
|C100|1|0||65|00|0|000002623|22200122030835000127650000000026231926420114|15012020|15012020|645,00|0|80,00||725,00|9||||0|0||||||||
|C190|500|5405||645,00|0|0|0|0|0|0||
|C100|1|0||65|00|0|000002624|22200122030835000127650000000026241242870565|15012020|15012020|540,00|0|105,18||645,18|9||||0|0||||||||
|C190|500|5405||540,00|0|0|0|0|0|0||
|C100|1|0||65|00|0|000002625|22200122030835000127650000000026251849199107|15012020|15012020|105,00|0|||105,00|9||||0|0||||||||
|C190|500|5405||105,00|0|0|0|0|0|0||
|C100|1|0||65|00|0|000002626|22200122030835000127650000000026261525260517|15012020|15012020|40,71|0|||40,71|9||||0|0||||||||
|C190|500|5405||40,71|0|0|0|0|0|0||
|C100|1|0||65|00|0|000002627|22200122030835000127650000000026271727933404|15012020|15012020|300,00|0|59,72||359,72|9||||0|0||||||||
|C190|500|5405||300,00|0|0|0|0|0|0||
|C100|1|0||65|00|0|000002628|22200122030835000127650000000026281675594628|15012020|15012020|170,00|0|24,40||194,40|9||||0|0||||||||
|C190|500|5405||170,00|0|0|0|0|0|0||
|C100|1|0||65|00|0|000002629|22200122030835000127650000000026291980449021|15012020|15012020|325,92|1|||325,92|9||||0|0||||||||
|C190|500|5405||325,92|0|0|0|0|0|0||
|C100|1|0||65|00|0|000002630|22200122030835000127650000000026301171447581|15012020|15012020|7,20|0|0,80||8,00|9||||0|0||||||||
|C190|500|5405||7,20|0|0|0|0|0|0||
|C100|1|0||65|00|0|000002631|22200122030835000127650000000026311422273071|15012020|15012020|170,00|0|21,20||191,20|9||||0|0||||||||
|C190|500|5405||170,00|0|0|0|0|0|0||
|C100|1|0||65|00|0|000002632|22200122030835000127650000000026321406490850|15012020|15012020|150,00|0|19,00||169,00|9||||0|0||||||||
|C190|500|5405||150,00|0|0|0|0|0|0||
|C100|1|0||65|00|0|000002633|22200122030835000127650000000026331348354055|15012020|15012020|25,00|0|5,00||30,00|9||||0|0||||||||
|C190|500|5405||25,00|0|0|0|0|0|0||
|C100|1|0||65|00|0|000002634|22200122030835000127650000000026341888251717|15012020|15012020|95,00|0|40,00||135,00|9||||0|0||||||||
|C190|500|5405||95,00|0|0|0|0|0|0||
|C100|1|0||65|00|0|000002635|22200122030835000127650000000026351597567693|15012020|15012020|248,00|0|62,00||310,00|9||||0|0||||||||
|C190|500|5405||248,00|0|0|0|0|0|0||
|C100|1|0||65|00|0|000002636|22200122030835000127650000000026361940590496|16012020|16012020|200,00|1|20,00||220,00|9||||0|0||||||||
|C190|500|5405||200,00|0|0|0|0|0|0||
|C100|1|0||65|00|0|000002637|22200122030835000127650000000026371158161417|16012020|16012020|148,00|0|16,35||164,35|9||||0|0||||||||
|C190|500|5405||148,00|0|0|0|0|0|0||
|C100|1|0||65|00|0|000002638|22200122030835000127650000000026381732119586|16012020|16012020|65,00|1|12,00||77,00|9||||0|0||||||||
|C190|500|5405||65,00|0|0|0|0|0|0||
|C100|1|0||65|00|0|000002639|22200122030835000127650000000026391490394081|16012020|16012020|270,00|0|47,60||317,60|9||||0|0||||||||
|C190|500|5405||270,00|0|0|0|0|0|0||
|C100|1|0||65|00|0|000002640|22200122030835000127650000000026401577599298|16012020|16012020|55,00|0|13,00||68,00|9||||0|0||||||||
|C190|500|5405||55,00|0|0|0|0|0|0||
|C100|1|0||65|00|0|000002642|22200122030835000127650000000026421971270733|16012020|16012020|240,00|0|30,00||270,00|9||||0|0||||||||
|C190|500|5405||240,00|0|0|0|0|0|0||
|C100|1|0||65|00|0|000002643|22200122030835000127650000000026431099218680|16012020|16012020|0,70|0|||0,70|9||||0|0||||||||
|C190|500|5405||0,70|0|0|0|0|0|0||
|C100|1|0||65|00|0|000002644|22200122030835000127650000000026441999533210|16012020|16012020|9,00|0|0,68||9,68|9||||0|0||||||||
|C190|500|5405||9,00|0|0|0|0|0|0||
|C100|1|0||65|00|0|000002645|22200122030835000127650000000026451556824965|16012020|16012020|57,06|0|6,94||64,00|9||||0|0||||||||
|C190|500|5405||57,06|0|0|0|0|0|0||
|C100|1|0||65|00|0|000002646|22200122030835000127650000000026461531942740|16012020|16012020|325,00|0|40,00||365,00|9||||0|0||||||||
|C190|500|5405||325,00|0|0|0|0|0|0||
|C100|1|0||65|00|0|000002647|22200122030835000127650000000026471432257281|16012020|16012020|63,00|1|7,00||70,00|9||||0|0||||||||
|C190|500|5405||63,00|0|0|0|0|0|0||
|C100|1|0||65|00|0|000002648|22200122030835000127650000000026481639922273|16012020|16012020|40,30|0|4,70||45,00|9||||0|0||||||||
|C190|500|5405||40,30|0|0|0|0|0|0||
|C100|1|0||65|00|0|000002649|22200122030835000127650000000026491221290313|16012020|16012020|51,20|0|12,80||64,00|9||||0|0||||||||
|C190|500|5405||51,20|0|0|0|0|0|0||
|C100|1|0||65|00|0|000002650|22200122030835000127650000000026501215492296|16012020|16012020|230,00|0|26,83||256,83|9||||0|0||||||||
|C190|500|5405||230,00|0|0|0|0|0|0||
|C100|1|0||65|00|0|000002651|22200122030835000127650000000026511105822639|16012020|16012020|25,20|0|2,80||28,00|9||||0|0||||||||
|C190|500|5405||25,20|0|0|0|0|0|0||
|C100|1|0||65|00|0|000002652|22200122030835000127650000000026521158161413|16012020|16012020|112,00|1|8,00||120,00|9||||0|0||||||||
|C190|500|5405||112,00|0|0|0|0|0|0||
|C100|1|0||65|00|0|000002653|22200122030835000127650000000026531054368051|16012020|16012020|400,00|0|50,00||450,00|9||||0|0||||||||
|C190|500|5405||400,00|0|0|0|0|0|0||
|C100|1|0||65|00|0|000002654|22200122030835000127650000000026541852501082|16012020|16012020|240,00|0|44,00||284,00|9||||0|0||||||||
|C190|500|5405||240,00|0|0|0|0|0|0||
|C100|1|0||65|00|0|000002655|22200122030835000127650000000026551222980442|16012020|16012020|130,00|0|16,74||146,74|9||||0|0||||||||
|C190|500|5405||130,00|0|0|0|0|0|0||
|C100|1|0||65|00|0|000002656|22200122030835000127650000000026561668106464|16012020|16012020|338,00|0|44,00||382,00|9||||0|0||||||||
|C190|500|5405||338,00|0|0|0|0|0|0||
|C100|1|0||65|00|0|000002657|22200122030835000127650000000026571191415999|16012020|16012020|35,00|0|4,00||39,00|9||||0|0||||||||
|C190|500|5405||35,00|0|0|0|0|0|0||
|C100|1|0||65|00|0|000002658|22200122030835000127650000000026581105016714|16012020|16012020|460,00|0|52,30||512,30|9||||0|0||||||||
|C190|500|5405||460,00|0|0|0|0|0|0||
|C100|1|0||65|00|0|000002659|22200122030835000127650000000026591365826403|16012020|16012020|145,00|1|18,35||163,35|9||||0|0||||||||
|C190|500|5405||145,00|0|0|0|0|0|0||
|C100|1|0||65|00|0|000002660|22200122030835000127650000000026601054368056|16012020|16012020|220,00|0|38,38||258,38|9||||0|0||||||||
|C190|500|5405||220,00|0|0|0|0|0|0||
|C100|1|0||65|00|0|000002661|22200122030835000127650000000026611939706284|16012020|16012020|250,00|0|61,60||311,60|9||||0|0||||||||
|C190|500|5405||250,00|0|0|0|0|0|0||
|C100|1|0||65|00|0|000002662|22200122030835000127650000000026621096722634|17012020|17012020|20,00|0|2,00||22,00|9||||0|0||||||||
|C190|500|5405||20,00|0|0|0|0|0|0||
|C100|1|0||65|00|0|000002663|22200122030835000127650000000026631124100911|17012020|17012020|2,83|0|0,71||3,54|9||||0|0||||||||
|C190|500|5405||2,83|0|0|0|0|0|0||
|C100|1|0||65|00|0|000002664|22200122030835000127650000000026641353346150|17012020|17012020|190,00|1|||190,00|9||||0|0||||||||
|C190|500|5405||190,00|0|0|0|0|0|0||
|C100|1|0||65|00|0|000002665|22200122030835000127650000000026651675594621|17012020|17012020|747,20|1|||747,20|9||||0|0||||||||
|C190|500|5405||747,20|0|0|0|0|0|0||
|C100|1|0||65|00|0|000002666|22200122030835000127650000000026661296899472|17012020|17012020|20,00|0|3,50||23,50|9||||0|0||||||||
|C190|500|5405||20,00|0|0|0|0|0|0||
|C100|1|0||65|00|0|000002667|22200122030835000127650000000026671730429458|17012020|17012020|9,00|0|1,00||10,00|9||||0|0||||||||
|C190|500|5405||9,00|0|0|0|0|0|0||
|C100|1|0||65|00|0|000002668|22200122030835000127650000000026681796860324|17012020|17012020|100,00|0|32,00||132,00|9||||0|0||||||||
|C190|500|5405||100,00|0|0|0|0|0|0||
|C100|1|0||65|00|0|000002669|22200122030835000127650000000026691484596068|17012020|17012020|140,00|1|24,66||164,66|9||||0|0||||||||
|C190|500|5405||140,00|0|0|0|0|0|0||
|C100|1|0||65|00|0|000002670|22200122030835000127650000000026701693872891|17012020|17012020|50,00|0|9,00||59,00|9||||0|0||||||||
|C190|500|5405||50,00|0|0|0|0|0|0||
|C100|1|0||65|00|0|000002671|22200122030835000127650000000026711357532336|17012020|17012020|264,00|1|28,50||292,50|9||||0|0||||||||
|C190|500|5405||264,00|0|0|0|0|0|0||
|C100|1|0||65|00|0|000002672|22200122030835000127650000000026721385716524|17012020|17012020|525,00|0|65,07||590,07|9||||0|0||||||||
|C190|500|5405||525,00|0|0|0|0|0|0||
|C100|1|0||65|00|0|000002673|22200122030835000127650000000026731982060863|17012020|17012020|151,00|1|16,97||167,97|9||||0|0||||||||
|C190|500|5405||151,00|0|0|0|0|0|0||
|C100|1|0||65|00|0|000002674|22200122030835000127650000000026741031903600|17012020|17012020|185,00|0|32,00||217,00|9||||0|0||||||||
|C190|500|5405||185,00|0|0|0|0|0|0||
|C100|1|0||65|00|0|000002675|22200122030835000127650000000026751173137719|17012020|17012020|237,00|0|58,52||295,52|9||||0|0||||||||
|C190|500|5405||237,00|0|0|0|0|0|0||
|C100|1|0||65|00|0|000002676|22200122030835000127650000000026761153169310|17012020|17012020|270,00|0|48,00||318,00|9||||0|0||||||||
|C190|500|5405||270,00|0|0|0|0|0|0||
|C100|1|0||65|00|0|000002677|22200122030835000127650000000026771801852435|17012020|17012020|133,30|1|14,85||148,15|9||||0|0||||||||
|C190|500|5405||133,30|0|0|0|0|0|0||
|C100|1|0||65|00|0|000002678|22200122030835000127650000000026781103326581|17012020|17012020|15,00|0|3,00||18,00|9||||0|0||||||||
|C190|500|5405||15,00|0|0|0|0|0|0||
|C100|1|0||65|00|0|000002679|22200122030835000127650000000026791190531780|17012020|17012020|444,00|1|49,84||493,84|9||||0|0||||||||
|C190|500|5405||444,00|0|0|0|0|0|0||
|C100|1|0||65|00|0|000002680|22200122030835000127650000000026801203012048|17012020|17012020|222,00|0|94,58||316,58|9||||0|0||||||||
|C190|500|5405||222,00|0|0|0|0|0|0||
|C100|1|0||65|00|0|000002681|22200122030835000127650000000026811707159074|17012020|17012020|70,00|1|12,00||82,00|9||||0|0||||||||
|C190|500|5405||70,00|0|0|0|0|0|0||
|C100|1|0||65|00|0|000002682|22200122030835000127650000000026821305193550|17012020|17012020|160,00|0|24,35||184,35|9||||0|0||||||||
|C190|500|5405||160,00|0|0|0|0|0|0||
|C100|1|0||65|00|0|000002683|22200122030835000127650000000026831043577931|17012020|17012020|3,50|0|0,50||4,00|9||||0|0||||||||
|C190|500|5405||3,50|0|0|0|0|0|0||
|C100|1|0||65|00|0|000002684|22200122030835000127650000000026841610853873|17012020|17012020|222,80|0|55,70||278,50|9||||0|0||||||||
|C190|500|5405||222,80|0|0|0|0|0|0||
|C100|1|0||65|00|0|000002685|22200122030835000127650000000026851819324785|17012020|17012020|370,00|0|83,53||453,53|9||||0|0||||||||
|C190|500|5405||370,00|0|0|0|0|0|0||
|C100|1|0||65|00|0|000002686|22200122030835000127650000000026861049375950|17012020|17012020|93,00|1|10,72||103,72|9||||0|0||||||||
|C190|500|5405||93,00|0|0|0|0|0|0||
|C100|1|0||65|00|0|000002687|22200122030835000127650000000026871532748665|17012020|17012020|50,00|0|6,60||56,60|9||||0|0||||||||
|C190|500|5405||50,00|0|0|0|0|0|0||
|C100|1|0||65|00|0|000002688|22200122030835000127650000000026881247862665|17012020|17012020|212,00|0|53,00||265,00|9||||0|0||||||||
|C190|500|5405||212,00|0|0|0|0|0|0||
|C100|1|0||65|00|0|000002689|22200122030835000127650000000026891406490853|17012020|17012020|34,00|0|4,00||38,00|9||||0|0||||||||
|C190|500|5405||34,00|0|0|0|0|0|0||
|C100|1|0||65|00|0|000002690|22200122030835000127650000000026901917320113|17012020|17012020|226,40|0|56,60||283,00|9||||0|0||||||||
|C190|500|5405||226,40|0|0|0|0|0|0||
|C100|1|0||65|00|0|000002691|22200122030835000127650000000026911953876662|17012020|17012020|650,00|0|203,44||853,44|9||||0|0||||||||
|C190|500|5405||650,00|0|0|0|0|0|0||
|C100|1|0||65|00|0|000002692|22200122030835000127650000000026921115000910|17012020|17012020|11,00|0|1,00||12,00|9||||0|0||||||||
|C190|500|5405||11,00|0|0|0|0|0|0||
|C100|1|0||65|00|0|000002693|22200122030835000127650000000026931972154949|18012020|18012020|150,00|0|21,00||171,00|9||||0|0||||||||
|C190|500|5405||150,00|0|0|0|0|0|0||
|C100|1|0||65|00|0|000002694|22200122030835000127650000000026941568499295|18012020|18012020|138,00|0|46,90||184,90|9||||0|0||||||||
|C190|500|5405||138,00|0|0|0|0|0|0||
|C100|1|0||65|00|0|000002695|22200122030835000127650000000026951774474151|18012020|18012020|250,00|0|36,24||286,24|9||||0|0||||||||
|C190|500|5405||250,00|0|0|0|0|0|0||
|C100|1|0||65|00|0|000002696|22200122030835000127650000000026961091730530|18012020|18012020|15,00|0|1,00||16,00|9||||0|0||||||||
|C190|500|5405||15,00|0|0|0|0|0|0||
|C100|1|0||65|00|0|000002697|22200122030835000127650000000026971173943631|18012020|18012020|155,00|0|19,08||174,08|9||||0|0||||||||
|C190|500|5405||155,00|0|0|0|0|0|0||
|C100|1|0||65|00|0|000002698|22200122030835000127650000000026981531942747|18012020|18012020|9,00|0|1,00||10,00|9||||0|0||||||||
|C190|500|5405||9,00|0|0|0|0|0|0||
|C100|1|0||65|00|0|000002699|22200122030835000127650000000026991524454586|18012020|18012020|530,00|0|62,25||592,25|9||||0|0||||||||
|C190|500|5405||530,00|0|0|0|0|0|0||
|C100|1|0||65|00|0|000002700|22200122030835000127650000000027001806844538|18012020|18012020|50,00|0|7,90||57,90|9||||0|0||||||||
|C190|500|5405||50,00|0|0|0|0|0|0||
|C100|1|0||65|00|0|000002701|22200122030835000127650000000027011742025490|18012020|18012020|300,00|1|80,00||380,00|9||||0|0||||||||
|C190|500|5405||300,00|0|0|0|0|0|0||
|C100|1|0||65|00|0|000002702|22200122030835000127650000000027021097528553|18012020|18012020|140,00|1|15,79||155,79|9||||0|0||||||||
|C190|500|5405||140,00|0|0|0|0|0|0||
|C100|1|0||65|00|0|000002703|22200122030835000127650000000027031670602513|18012020|18012020|380,00|0|56,06||436,06|9||||0|0||||||||
|C190|500|5405||380,00|0|0|0|0|0|0||
|C100|1|0||65|00|0|000002704|22200122030835000127650000000027041869973431|18012020|18012020|33,00|0|11,10||44,10|9||||0|0||||||||
|C190|500|5405||33,00|0|0|0|0|0|0||
|C100|1|0||65|00|0|000002705|22200122030835000127650000000027051377422455|18012020|18012020|189,00|0|47,25||236,25|9||||0|0||||||||
|C190|500|5405||189,00|0|0|0|0|0|0||
|C100|1|0||65|00|0|000002706|22200122030835000127650000000027061651518326|20012020|20012020|160,00|0|26,05||186,05|9||||0|0||||||||
|C190|500|5405||160,00|0|0|0|0|0|0||
|C100|1|0||65|00|0|000002707|22200122030835000127650000000027071711345250|20012020|20012020|55,00|0|6,00||61,00|9||||0|0||||||||
|C190|500|5405||55,00|0|0|0|0|0|0||
|C100|1|0||65|00|0|000002708|22200122030835000127650000000027081266946865|20012020|20012020|11,63|0|2,91||14,54|9||||0|0||||||||
|C190|500|5405||11,63|0|0|0|0|0|0||
|C100|1|0||65|00|0|000002709|22200122030835000127650000000027091866671465|20012020|20012020|35,90|0|4,10||40,00|9||||0|0||||||||
|C190|500|5405||35,90|0|0|0|0|0|0||
|C100|1|0||65|00|0|000002710|22200122030835000127650000000027101886561585|20012020|20012020|219,00|0|54,75||273,75|9||||0|0||||||||
|C190|500|5405||219,00|0|0|0|0|0|0||
|C100|1|0||65|00|0|000002711|22200122030835000127650000000027111744521548|20012020|20012020|219,00|0|54,75||273,75|9||||0|0||||||||
|C190|500|5405||219,00|0|0|0|0|0|0||
|C100|1|0||65|00|0|000002712|22200122030835000127650000000027121314293547|20012020|20012020|14,00|0|2,00||16,00|9||||0|0||||||||
|C190|500|5405||14,00|0|0|0|0|0|0||
|C100|1|0||65|00|0|000002713|22200122030835000127650000000027131385716529|20012020|20012020|110,00|0|14,46||124,46|9||||0|0||||||||
|C190|500|5405||110,00|0|0|0|0|0|0||
|C100|1|0||65|00|0|000002714|22200122030835000127650000000027141071762134|20012020|20012020|265,00|0|49,54||314,54|9||||0|0||||||||
|C190|500|5405||265,00|0|0|0|0|0|0||
|C100|1|0||65|00|0|000002715|22200122030835000127650000000027151264450816|20012020|20012020|28,80|0|3,20||32,00|9||||0|0||||||||
|C190|500|5405||28,80|0|0|0|0|0|0||
|C100|1|0||65|00|0|000002716|22200122030835000127650000000027161592575590|20012020|20012020|80,00|0|8,00||88,00|9||||0|0||||||||
|C190|500|5405||80,00|0|0|0|0|0|0||
|C100|1|0||65|00|0|000002717|22200122030835000127650000000027171611659798|20012020|20012020|56,00|0|14,00||70,00|9||||0|0||||||||
|C190|500|5405||56,00|0|0|0|0|0|0||
|C100|1|0||65|00|0|000002718|22200122030835000127650000000027181629938076|20012020|20012020|260,00|0|36,67||296,67|9||||0|0||||||||
|C190|500|5405||260,00|0|0|0|0|0|0||
|C100|1|0||65|00|0|000002719|22200122030835000127650000000027191621643996|20012020|20012020|220,00|0|36,00||256,00|9||||0|0||||||||
|C190|500|5405||220,00|0|0|0|0|0|0||
|C100|1|0||65|00|0|000002721|22200122030835000127650000000027211747901801|20012020|20012020|232,00|1|25,00||257,00|9||||0|0||||||||
|C190|500|5405||232,00|0|0|0|0|0|0||
|C100|1|0||65|00|0|000002722|22200122030835000127650000000027221178129813|21012020|21012020|10,00|0|1,00||11,00|9||||0|0||||||||
|C190|500|5405||10,00|0|0|0|0|0|0||
|C100|1|0||65|00|0|000002723|22200122030835000127650000000027231936404311|21012020|21012020|6,40|1|1,60||8,00|9||||0|0||||||||
|C190|500|5405||6,40|0|0|0|0|0|0||
|C100|1|0||65|00|0|000002724|22200122030835000127650000000027241398196778|21012020|21012020|490,00|0|90,00||580,00|9||||0|0||||||||
|C190|500|5405||490,00|0|0|0|0|0|0||
|C100|1|0||65|00|0|000002725|22200122030835000127650000000027251728739327|21012020|21012020|50,00|0|8,60||58,60|9||||0|0||||||||
|C190|500|5405||50,00|0|0|0|0|0|0||
|C100|1|0||65|00|0|000002726|22200122030835000127650000000027261356648128|21012020|21012020|9,00|0|1,00||10,00|9||||0|0||||||||
|C190|500|5405||9,00|0|0|0|0|0|0||
|C100|1|0||65|00|0|000002727|22200122030835000127650000000027271687268958|21012020|21012020|43,00|0|5,00||48,00|9||||0|0||||||||
|C190|500|5405||43,00|0|0|0|0|0|0||
|C100|1|0||65|00|0|000002728|22200122030835000127650000000027281936404318|21012020|21012020|22,00|0|3,00||25,00|9||||0|0||||||||
|C190|500|5405||22,00|0|0|0|0|0|0||
|C100|1|0||65|00|0|000002729|22200122030835000127650000000027291774474151|21012020|21012020|56,00|0|14,00||70,00|9||||0|0||||||||
|C190|500|5405||56,00|0|0|0|0|0|0||
|C100|1|0||65|00|0|000002730|22200122030835000127650000000027301482905935|21012020|21012020|5,00|0|0,50||5,50|9||||0|0||||||||
|C190|500|5405||5,00|0|0|0|0|0|0||
|C100|1|0||65|00|0|000002731|22200122030835000127650000000027311195523884|21012020|21012020|58,00|0|8,00||66,00|9||||0|0||||||||
|C190|500|5405||58,00|0|0|0|0|0|0||
|C100|1|0||65|00|0|000002732|22200122030835000127650000000027321825928737|21012020|21012020|18,00|0|2,00||20,00|9||||0|0||||||||
|C190|500|5405||18,00|0|0|0|0|0|0||
|C100|1|0||65|00|0|000002733|22200122030835000127650000000027331237072545|21012020|21012020|250,00|0|38,70||288,70|9||||0|0||||||||
|C190|500|5405||250,00|0|0|0|0|0|0||
|C100|1|0||65|00|0|000002734|22200122030835000127650000000027341298511325|21012020|21012020|17,50|0|2,00||19,50|9||||0|0||||||||
|C190|500|5405||17,50|0|0|0|0|0|0||
|C100|1|0||65|00|0|000002735|22200122030835000127650000000027351255350823|21012020|21012020|40,00|0|5,78||45,78|9||||0|0||||||||
|C190|500|5405||40,00|0|0|0|0|0|0||
|C100|1|0||65|00|0|000002736|22200122030835000127650000000027361449729639|21012020|21012020|105,00|0|12,00||117,00|9||||0|0||||||||
|C190|500|5405||105,00|0|0|0|0|0|0||
|C100|1|0||65|00|0|000002737|22200122030835000127650000000027371099218689|21012020|21012020|110,00|0|12,59||122,59|9||||0|0||||||||
|C190|500|5405||110,00|0|0|0|0|0|0||
|C100|1|0||65|00|0|000002738|22200122030835000127650000000027381134085110|21012020|21012020|310,00|0|82,96||392,96|9||||0|0||||||||
|C190|500|5405||310,00|0|0|0|0|0|0||
|C100|1|0||65|00|0|000002739|22200122030835000127650000000027391629938076|21012020|21012020|45,00|0|5,00||50,00|9||||0|0||||||||
|C190|500|5405||45,00|0|0|0|0|0|0||
|C100|1|0||65|00|0|000002740|22200122030835000127650000000027401909026043|22012020|22012020|457,58|1|114,40||571,98|9||||0|0||||||||
|C190|500|5405||457,58|0|0|0|0|0|0||
|C100|1|0||65|00|0|000002741|22200122030835000127650000000027411790256389|22012020|22012020|79,00|0|9,00||88,00|9||||0|0||||||||
|C190|500|5405||79,00|0|0|0|0|0|0||
|C100|1|0||65|00|0|000002742|22200122030835000127650000000027421094226586|22012020|22012020|49,50|0|5,50||55,00|9||||0|0||||||||
|C190|500|5405||49,50|0|0|0|0|0|0||
|C100|1|0||65|00|0|000002743|22200122030835000127650000000027431946388516|22012020|22012020|25,50|0|8,50||34,00|9||||0|0||||||||
|C190|500|5405||25,50|0|0|0|0|0|0||
|C100|1|0||65|00|0|000002744|22200122030835000127650000000027441313487627|22012020|22012020|95,00|0|15,00||110,00|9||||0|0||||||||
|C190|500|5405||95,00|0|0|0|0|0|0||
|C100|1|0||65|00|0|000002745|22200122030835000127650000000027451476301988|22012020|22012020|1,00|0|||1,00|9||||0|0||||||||
|C190|500|5405||1,00|0|0|0|0|0|0||
|C100|1|0||65|00|0|000002746|22200122030835000127650000000027461794364271|22012020|22012020|44,00|0|5,42||49,42|9||||0|0||||||||
|C190|500|5405||44,00|0|0|0|0|0|0||
|C100|1|0||65|00|0|000002747|22200122030835000127650000000027471792752433|22012020|22012020|25,00|0|9,00||34,00|9||||0|0||||||||
|C190|500|5405||25,00|0|0|0|0|0|0||
|C100|1|0||65|00|0|000002748|22200122030835000127650000000027481793558352|22012020|22012020|84,80|0|21,20||106,00|9||||0|0||||||||
|C190|500|5405||84,80|0|0|0|0|0|0||
|C100|1|0||65|00|0|000002749|22200122030835000127650000000027491613349927|22012020|22012020|380,00|0|92,75||472,75|9||||0|0||||||||
|C190|500|5405||380,00|0|0|0|0|0|0||
|C100|1|0||65|00|0|000002750|22200122030835000127650000000027501923118134|22012020|22012020|52,50|0|17,50||70,00|9||||0|0||||||||
|C190|500|5405||52,50|0|0|0|0|0|0||
|C100|1|0||65|00|0|000002751|22200122030835000127650000000027511804348486|22012020|22012020|50,00|0|8,58||58,58|9||||0|0||||||||
|C190|500|5405||50,00|0|0|0|0|0|0||
|C100|1|0||65|00|0|000002752|22200122030835000127650000000027521219600182|22012020|22012020|390,00|1|51,41||441,41|9||||0|0||||||||
|C190|500|5405||390,00|0|0|0|0|0|0||
|C100|1|0||65|00|0|000002753|22200122030835000127650000000027531548530882|22012020|22012020|120,00|0|30,10||150,10|9||||0|0||||||||
|C190|500|5405||120,00|0|0|0|0|0|0||
|C100|1|0||65|00|0|000002754|22200122030835000127650000000027541222096249|22012020|22012020|219,00|0|54,75||273,75|9||||0|0||||||||
|C190|500|5405||219,00|0|0|0|0|0|0||
|C100|1|0||65|00|0|000002755|22200122030835000127650000000027551255350826|23012020|23012020|132,64|0|33,16||165,80|9||||0|0||||||||
|C190|500|5405||132,64|0|0|0|0|0|0||
|C100|1|0||65|00|0|000002756|22200122030835000127650000000027561915629986|23012020|23012020|210,00|0|28,00||238,00|9||||0|0||||||||
|C190|500|5405||210,00|0|0|0|0|0|0||
|C100|1|0||65|00|0|000002757|22200122030835000127650000000027571009517439|23012020|23012020|138,79|0|34,70||173,49|9||||0|0||||||||
|C190|500|5405||138,79|0|0|0|0|0|0||
|C100|1|0||65|00|0|000002758|22200122030835000127650000000027581883259610|23012020|23012020|85,00|0|10,00||95,00|9||||0|0||||||||
|C190|500|5405||85,00|0|0|0|0|0|0||
|C100|1|0||65|00|0|000002759|22200122030835000127650000000027591369128374|23012020|23012020|500,00|0|80,00||580,00|9||||0|0||||||||
|C190|500|5405||500,00|0|0|0|0|0|0||
|C100|1|0||65|00|0|000002760|22200122030835000127650000000027601693872890|23012020|23012020|168,00|0|19,00||187,00|9||||0|0||||||||
|C190|500|5405||168,00|0|0|0|0|0|0||
|C100|1|0||65|00|0|000002761|22200122030835000127650000000027611668990670|23012020|23012020|7,70|0|3,30||11,00|9||||0|0||||||||
|C190|500|5405||7,70|0|0|0|0|0|0||
|C100|1|0||65|00|0|000002762|22200122030835000127650000000027621013625321|23012020|23012020|3,20|0|0,80||4,00|9||||0|0||||||||
|C190|500|5405||3,20|0|0|0|0|0|0||
|C100|1|0||65|00|0|000002763|22200122030835000127650000000027631776970204|23012020|23012020|219,00|0|54,75||273,75|9||||0|0||||||||
|C190|500|5405||219,00|0|0|0|0|0|0||
|C100|1|0||65|00|0|000002764|22200122030835000127650000000027641237072541|23012020|23012020|7,00|0|1,00||8,00|9||||0|0||||||||
|C190|500|5405||7,00|0|0|0|0|0|0||
|C100|1|0||65|00|0|000002765|22200122030835000127650000000027651343361940|23012020|23012020|189,00|0|47,25||236,25|9||||0|0||||||||
|C190|500|5405||189,00|0|0|0|0|0|0||
|C100|1|0||65|00|0|000002766|22200122030835000127650000000027661028601635|23012020|23012020|6,00|0|1,00||7,00|9||||0|0||||||||
|C190|500|5405||6,00|0|0|0|0|0|0||
|C100|1|0||65|00|0|000002767|22200122030835000127650000000027671770287978|23012020|23012020|9,00|0|1,00||10,00|9||||0|0||||||||
|C190|500|5405||9,00|0|0|0|0|0|0||
|C100|1|0||65|00|0|000002768|22200122030835000127650000000027681482905932|23012020|23012020|12,00|0|2,00||14,00|9||||0|0||||||||
|C190|500|5405||12,00|0|0|0|0|0|0||
|C100|1|0||65|00|0|000002769|22200122030835000127650000000027691658200550|23012020|23012020|190,00|0|47,50||237,50|9||||0|0||||||||
|C190|500|5405||190,00|0|0|0|0|0|0||
|C100|1|0||65|00|0|000002770|22200122030835000127650000000027701009517430|24012020|24012020|40,00|0|7,25||47,25|9||||0|0||||||||
|C190|500|5405||40,00|0|0|0|0|0|0||
|C100|1|0||65|00|0|000002771|22200122030835000127650000000027711549336816|24012020|24012020|58,00|0|7,00||65,00|9||||0|0||||||||
|C190|500|5405||58,00|0|0|0|0|0|0||
|C100|1|0||65|00|0|000002772|22200122030835000127650000000027721506176318|24012020|24012020|115,00|0|16,91||131,91|9||||0|0||||||||
|C190|500|5405||115,00|0|0|0|0|0|0||
|C100|1|0||65|00|0|000002773|22200122030835000127650000000027731145681168|24012020|24012020|76,00|0|19,00||95,00|9||||0|0||||||||
|C190|500|5405||76,00|0|0|0|0|0|0||
|C100|1|0||65|00|0|000002775|22200122030835000127650000000027751017005580|24012020|24012020|140,00|1|24,00||164,00|9||||0|0||||||||
|C190|500|5405||140,00|0|0|0|0|0|0||
|C100|1|0||65|00|0|000002776|22200122030835000127650000000027761013625327|24012020|24012020|5,00|0|0,50||5,50|9||||0|0||||||||
|C190|500|5405||5,00|0|0|0|0|0|0||
|C100|1|0||65|00|0|000002777|22200122030835000127650000000027771897351713|24012020|24012020|71,00|0|17,00||88,00|9||||0|0||||||||
|C190|500|5405||71,00|0|0|0|0|0|0||
|C100|1|0||65|00|0|000002778|22200122030835000127650000000027781754505757|24012020|24012020|280,00|0|39,28||319,28|9||||0|0||||||||
|C190|500|5405||280,00|0|0|0|0|0|0||
|C100|1|0||65|00|0|000002779|22200122030835000127650000000027791548530889|24012020|24012020|275,00|1|47,59||322,59|9||||0|0||||||||
|C190|500|5405||275,00|0|0|0|0|0|0||
|C100|1|0||65|00|0|000002780|22200122030835000127650000000027801134891039|24012020|24012020|75,00|0|8,48||83,48|9||||0|0||||||||
|C190|500|5405||75,00|0|0|0|0|0|0||
|C100|1|0||65|00|0|000002781|22200122030835000127650000000027811162347590|24012020|24012020|3,20|0|0,80||4,00|9||||0|0||||||||
|C190|500|5405||3,20|0|0|0|0|0|0||
|C100|1|0||65|00|0|000002782|22200122030835000127650000000027821820130704|24012020|24012020|4,00|0|1,00||5,00|9||||0|0||||||||
|C190|500|5405||4,00|0|0|0|0|0|0||
|C100|1|0||65|00|0|000002783|22200122030835000127650000000027831092536459|24012020|24012020|120,00|0|24,00||144,00|9||||0|0||||||||
|C190|500|5405||120,00|0|0|0|0|0|0||
|C100|1|0||65|00|0|000002784|22200122030835000127650000000027841998727292|24012020|24012020|85,00|0|12,24||97,24|9||||0|0||||||||
|C190|500|5405||85,00|0|0|0|0|0|0||
|C100|1|0||65|00|0|000002785|22200122030835000127650000000027851823432681|24012020|24012020|170,00|0|24,75||194,75|9||||0|0||||||||
|C190|500|5405||170,00|0|0|0|0|0|0||
|C100|1|0||65|00|0|000002786|22200122030835000127650000000027861752009703|24012020|24012020|260,00|0|59,50||319,50|9||||0|0||||||||
|C190|500|5405||260,00|0|0|0|0|0|0||
|C100|1|0||65|00|0|000002787|22200122030835000127650000000027871217988340|24012020|24012020|23,00|0|5,50||28,50|9||||0|0||||||||
|C190|500|5405||23,00|0|0|0|0|0|0||
|C100|1|0||65|00|0|000002788|22200122030835000127650000000027881498688165|24012020|24012020|219,00|0|54,75||273,75|9||||0|0||||||||
|C190|500|5405||219,00|0|0|0|0|0|0||
|C100|1|0||65|00|0|000002789|22200122030835000127650000000027891806038600|24012020|24012020|250,00|0|40,78||290,78|9||||0|0||||||||
|C190|500|5405||250,00|0|0|0|0|0|0||
|C100|1|0||65|00|0|000002790|22200122030835000127650000000027901925614185|24012020|24012020|7,50|0|2,50||10,00|9||||0|0||||||||
|C190|500|5405||7,50|0|0|0|0|0|0||
|C100|1|0||65|00|0|000002791|22200122030835000127650000000027911514470381|24012020|24012020|400,00|0|57,23||457,23|9||||0|0||||||||
|C190|500|5405||400,00|0|0|0|0|0|0||
|C100|1|0||65|00|0|000002792|22200122030835000127650000000027921601675590|24012020|24012020|70,00|0|10,00||80,00|9||||0|0||||||||
|C190|500|5405||70,00|0|0|0|0|0|0||
|C100|1|0||65|00|0|000002793|22200122030835000127650000000027931018617420|24012020|24012020|12,00|0|2,60||14,60|9||||0|0||||||||
|C190|500|5405||12,00|0|0|0|0|0|0||
|C100|1|0||65|00|0|000002794|22200122030835000127650000000027941328463925|24012020|24012020|15,00|0|2,00||17,00|9||||0|0||||||||
|C190|500|5405||15,00|0|0|0|0|0|0||
|C100|1|0||65|00|0|000002795|22200122030835000127650000000027951149867336|24012020|24012020|2,50|0|0,10||2,60|9||||0|0||||||||
|C190|500|5405||2,50|0|0|0|0|0|0||
|C100|1|0||65|00|0|000002796|22200122030835000127650000000027961995347040|24012020|24012020|28,00|0|5,00||33,00|9||||0|0||||||||
|C190|500|5405||28,00|0|0|0|0|0|0||
|C100|1|0||65|00|0|000002797|22200122030835000127650000000027971962976665|24012020|24012020|8,00|0|1,10||9,10|9||||0|0||||||||
|C190|500|5405||8,00|0|0|0|0|0|0||
|C100|1|0||65|00|0|000002798|22200122030835000127650000000027981192221916|24012020|24012020|130,00|0|14,35||144,35|9||||0|0||||||||
|C190|500|5405||130,00|0|0|0|0|0|0||
|C100|1|0||65|00|0|000002799|22200122030835000127650000000027991940590491|25012020|25012020|240,00|0|27,54||267,54|9||||0|0||||||||
|C190|500|5405||240,00|0|0|0|0|0|0||
|C100|1|0||65|00|0|000002800|22200122030835000127650000000028001476301981|25012020|25012020|13,00|0|2,00||15,00|9||||0|0||||||||
|C190|500|5405||13,00|0|0|0|0|0|0||
|C100|1|0||65|00|0|000002801|22200122030835000127650000000028011002835206|25012020|25012020|12,00|0|4,00||16,00|9||||0|0||||||||
|C190|500|5405||12,00|0|0|0|0|0|0||
|C100|1|0||65|00|0|000002802|22200122030835000127650000000028021473805932|25012020|25012020|118,00|0|20,00||138,00|9||||0|0||||||||
|C190|500|5405||118,00|0|0|0|0|0|0||
|C100|1|0||65|00|0|000002803|22200122030835000127650000000028031453031602|25012020|25012020|140,00|1|14,47||154,47|9||||0|0||||||||
|C190|500|5405||140,00|0|0|0|0|0|0||
|C100|1|0||65|00|0|000002804|22200122030835000127650000000028041175633763|25012020|25012020|48,00|0|16,00||64,00|9||||0|0||||||||
|C190|500|5405||48,00|0|0|0|0|0|0||
|C100|1|0||65|00|0|000002805|22200122030835000127650000000028051672292643|25012020|25012020|250,00|0|55,54||305,54|9||||0|0||||||||
|C190|500|5405||250,00|0|0|0|0|0|0||
|C100|1|0||65|00|0|000002806|22200122030835000127650000000028061777776133|25012020|25012020|85,00|0|9,91||94,91|9||||0|0||||||||
|C190|500|5405||85,00|0|0|0|0|0|0||
|C100|1|0||65|00|0|000002807|22200122030835000127650000000028071639038061|25012020|25012020|365,00|0|63,70||428,70|9||||0|0||||||||
|C190|500|5405||365,00|0|0|0|0|0|0||
|C100|1|0||65|00|0|000002808|22200122030835000127650000000028081884065537|27012020|27012020|39,60|0|4,40||44,00|9||||0|0||||||||
|C190|500|5405||39,60|0|0|0|0|0|0||
|C100|1|0||65|00|0|000002809|22200122030835000127650000000028091761187984|27012020|27012020|1000,00|0|146,35||1146,35|9||||0|0||||||||
|C190|500|5405||1000,00|0|0|0|0|0|0||
|C100|1|0||65|00|0|000002810|22200122030835000127650000000028101771978101|27012020|27012020|79,20|0|8,80||88,00|9||||0|0||||||||
|C190|500|5405||79,20|0|0|0|0|0|0||
|C100|1|0||65|00|0|000002811|22200122030835000127650000000028111219600185|27012020|27012020|4,25|0|1,05||5,30|9||||0|0||||||||
|C190|500|5405||4,25|0|0|0|0|0|0||
|C100|1|0||65|00|0|000002812|22200122030835000127650000000028121834222801|27012020|27012020|240,00|0|39,48||279,48|9||||0|0||||||||
|C190|500|5405||240,00|0|0|0|0|0|0||
|C100|1|0||65|00|0|000002813|22200122030835000127650000000028131399886907|27012020|27012020|33,00|0|4,00||37,00|9||||0|0||||||||
|C190|500|5405||33,00|0|0|0|0|0|0||
|C100|1|0||65|00|0|000002814|22200122030835000127650000000028141388212575|27012020|27012020|928,00|1|231,60||1159,60|9||||0|0||||||||
|C190|500|5405||928,00|0|0|0|0|0|0||
|C100|1|0||65|00|0|000002815|22200122030835000127650000000028151525260514|27012020|27012020|130,00|0|20,00||150,00|9||||0|0||||||||
|C190|500|5405||130,00|0|0|0|0|0|0||
|C100|1|0||65|00|0|000002816|22200122030835000127650000000028161828424782|27012020|27012020|90,00|0|10,00||100,00|9||||0|0||||||||
|C190|500|5405||90,00|0|0|0|0|0|0||
|C100|1|0||65|00|0|000002817|22200122030835000127650000000028171975456910|27012020|27012020|175,00|0|21,00||196,00|9||||0|0||||||||
|C190|500|5405||175,00|0|0|0|0|0|0||
|C100|1|0||65|00|0|000002818|22200122030835000127650000000028181334261950|27012020|27012020|35,00|0|5,00||40,00|9||||0|0||||||||
|C190|500|5405||35,00|0|0|0|0|0|0||
|C100|1|0||65|00|0|000002819|22200122030835000127650000000028191036089781|27012020|27012020|17,00|0|1,97||18,97|9||||0|0||||||||
|C190|500|5405||17,00|0|0|0|0|0|0||
|C100|1|0||65|00|0|000002820|22200122030835000127650000000028201952186548|27012020|27012020|133,20|0|14,80||148,00|9||||0|0||||||||
|C190|500|5405||133,20|0|0|0|0|0|0||
|C100|1|0||65|00|0|000002821|22200122030835000127650000000028211221290313|27012020|27012020|130,00|0|14,47||144,47|9||||0|0||||||||
|C190|500|5405||130,00|0|0|0|0|0|0||
|C100|1|0||65|00|0|000002822|22200122030835000127650000000028221161463389|27012020|27012020|15,50|0|1,75||17,25|9||||0|0||||||||
|C190|500|5405||15,50|0|0|0|0|0|0||
|C100|1|0||65|00|0|000002823|22200122030835000127650000000028231729623528|27012020|27012020|32,00|0|5,75||37,75|9||||0|0||||||||
|C190|500|5405||32,00|0|0|0|0|0|0||
|C100|1|0||65|00|0|000002824|22200122030835000127650000000028241991239141|27012020|27012020|330,00|0|39,80||369,80|9||||0|0||||||||
|C190|500|5405||330,00|0|0|0|0|0|0||
|C100|1|0||65|00|0|000002825|22200122030835000127650000000028251679780808|27012020|27012020|67,95|0|7,55||75,50|9||||0|0||||||||
|C190|500|5405||67,95|0|0|0|0|0|0||
|C100|1|0||65|00|0|000002826|22200122030835000127650000000028261430567152|27012020|27012020|230,00|0|33,33||263,33|9||||0|0||||||||
|C190|500|5405||230,00|0|0|0|0|0|0||
|C100|1|0||65|00|0|000002827|22200122030835000127650000000028271648216344|27012020|27012020|139,67|0|34,92||174,59|9||||0|0||||||||
|C190|500|5405||139,67|0|0|0|0|0|0||
|C100|1|0||65|00|0|000002828|22200122030835000127650000000028281957984564|27012020|27012020|189,00|1|47,25||236,25|9||||0|0||||||||
|C190|500|5405||189,00|0|0|0|0|0|0||
|C100|1|0||65|00|0|000002829|22200122030835000127650000000028291074258184|27012020|27012020|145,00|0|17,00||162,00|9||||0|0||||||||
|C190|500|5405||145,00|0|0|0|0|0|0||
|C100|1|0||65|00|0|000002830|22200122030835000127650000000028301585087440|27012020|27012020|8,10|0|0,90||9,00|9||||0|0||||||||
|C190|500|5405||8,10|0|0|0|0|0|0||
|C100|1|0||65|00|0|000002831|22200122030835000127650000000028311717143277|27012020|27012020|8,00|0|2,00||10,00|9||||0|0||||||||
|C190|500|5405||8,00|0|0|0|0|0|0||
|C100|1|0||65|00|0|000002832|22200122030835000127650000000028321904839864|27012020|27012020|63,00|0|7,00||70,00|9||||0|0||||||||
|C190|500|5405||63,00|0|0|0|0|0|0||
|C100|1|0||65|00|0|000002833|22200122030835000127650000000028331036089780|27012020|27012020|530,00|0|77,25||607,25|9||||0|0||||||||
|C190|500|5405||530,00|0|0|0|0|0|0||
|C100|1|0||65|00|0|000002834|22200122030835000127650000000028341242064647|27012020|27012020|530,00|0|60,45||590,45|9||||0|0||||||||
|C190|500|5405||530,00|0|0|0|0|0|0||
|C100|1|0||65|00|0|000002835|22200122030835000127650000000028351809340582|27012020|27012020|335,00|0|83,00||418,00|9||||0|0||||||||
|C190|500|5405||335,00|0|0|0|0|0|0||
|C100|1|0||65|00|0|000002836|22200122030835000127650000000028361823432682|27012020|27012020|214,40|0|53,60||268,00|9||||0|0||||||||
|C190|500|5405||214,40|0|0|0|0|0|0||
|C100|1|0||65|00|0|000002837|22200122030835000127650000000028371026105588|27012020|27012020|219,00|0|54,75||273,75|9||||0|0||||||||
|C190|500|5405||219,00|0|0|0|0|0|0||
|C100|1|0||65|00|0|000002838|22200122030835000127650000000028381155665366|27012020|27012020|80,00|0|16,00||96,00|9||||0|0||||||||
|C190|500|5405||80,00|0|0|0|0|0|0||
|C100|1|0||65|00|0|000002839|22200122030835000127650000000028391418971109|27012020|27012020|4,50|0|0,50||5,00|9||||0|0||||||||
|C190|500|5405||4,50|0|0|0|0|0|0||
|C100|1|0||65|00|0|000002840|22200122030835000127650000000028401549336815|27012020|27012020|580,00|0|82,74||662,74|9||||0|0||||||||
|C190|500|5405||580,00|0|0|0|0|0|0||
|C100|1|0||65|00|0|000002841|22200122030835000127650000000028411070150286|28012020|28012020|8,80|1|2,20||11,00|9||||0|0||||||||
|C190|500|5405||8,80|0|0|0|0|0|0||
|C100|1|0||65|00|0|000002842|22200122030835000127650000000028421188919947|28012020|28012020|8,80|0|2,20||11,00|9||||0|0||||||||
|C190|500|5405||8,80|0|0|0|0|0|0||
|C100|1|0||65|00|0|000002843|22200122030835000127650000000028431736227473|28012020|28012020|195,00|0|25,00||220,00|9||||0|0||||||||
|C190|500|5405||195,00|0|0|0|0|0|0||
|C100|1|0||65|00|0|000002844|22200122030835000127650000000028441030291751|28012020|28012020|84,00|0|16,00||100,00|9||||0|0||||||||
|C190|500|5405||84,00|0|0|0|0|0|0||
|C100|1|0||65|00|0|000002845|22200122030835000127650000000028451904033930|28012020|28012020|530,00|0|72,72||602,72|9||||0|0||||||||
|C190|500|5405||530,00|0|0|0|0|0|0||
|C100|1|0||65|00|0|000002846|22200122030835000127650000000028461950496414|28012020|28012020|18,00|0|2,00||20,00|9||||0|0||||||||
|C190|500|5405||18,00|0|0|0|0|0|0||
|C100|1|0||65|00|0|000002847|22200122030835000127650000000028471256156741|28012020|28012020|33,75|0|11,25||45,00|9||||0|0||||||||
|C190|500|5405||33,75|0|0|0|0|0|0||
|C100|1|0||65|00|0|000002848|22200122030835000127650000000028481357532339|28012020|28012020|113,40|0|12,60||126,00|9||||0|0||||||||
|C190|500|5405||113,40|0|0|0|0|0|0||
|C100|1|0||65|00|0|000002849|22200122030835000127650000000028491638232140|28012020|28012020|48,60|0|5,40||54,00|9||||0|0||||||||
|C190|500|5405||48,60|0|0|0|0|0|0||
|C100|1|0||65|00|0|000002850|22200122030835000127650000000028501840905037|28012020|28012020|45,00|0|5,00||50,00|9||||0|0||||||||
|C190|500|5405||45,00|0|0|0|0|0|0||
|C100|1|0||65|00|0|000002851|22200122030835000127650000000028511952186544|28012020|28012020|110,00|1|12,59||122,59|9||||0|0||||||||
|C190|500|5405||110,00|0|0|0|0|0|0||
|C100|1|0||65|00|0|000002852|22200122030835000127650000000028521748707725|28012020|28012020|80,00|0|15,00||95,00|9||||0|0||||||||
|C190|500|5405||80,00|0|0|0|0|0|0||
|C100|1|0||65|00|0|000002853|22200122030835000127650000000028531941396415|28012020|28012020|980,00|0|140,00||1120,00|9||||0|0||||||||
|C190|500|5405||980,00|0|0|0|0|0|0||
|C100|1|0||65|00|0|000002854|22200122030835000127650000000028541930606291|28012020|28012020|293,79|1|73,45||367,24|9||||0|0||||||||
|C190|500|5405||293,79|0|0|0|0|0|0||
|C100|1|0||65|00|0|000002855|22200122030835000127650000000028551070956200|28012020|28012020|9,00|0|1,00||10,00|9||||0|0||||||||
|C190|500|5405||9,00|0|0|0|0|0|0||
|C100|1|0||65|00|0|000002856|22200122030835000127650000000028561587583492|28012020|28012020|85,00|0|10,00||95,00|9||||0|0||||||||
|C190|500|5405||85,00|0|0|0|0|0|0||
|C100|1|0||65|00|0|000002857|22200122030835000127650000000028571498688164|28012020|28012020|110,00|1|27,50||137,50|9||||0|0||||||||
|C190|500|5405||110,00|0|0|0|0|0|0||
|C100|1|0||65|00|0|000002858|22200122030835000127650000000028581902343817|28012020|28012020|77,60|1|19,40||97,00|9||||0|0||||||||
|C190|500|5405||77,60|0|0|0|0|0|0||
|C100|1|0||65|00|0|000002859|22200122030835000127650000000028591669796599|28012020|28012020|15,30|0|1,70||17,00|9||||0|0||||||||
|C190|500|5405||15,30|0|0|0|0|0|0||
|C100|1|0||65|00|0|000002860|22200122030835000127650000000028601418971102|28012020|28012020|3,50|0|0,50||4,00|9||||0|0||||||||
|C190|500|5405||3,50|0|0|0|0|0|0||
|C100|1|0||65|00|0|000002861|22200122030835000127650000000028611513664464|28012020|28012020|8,00|0|1,00||9,00|9||||0|0||||||||
|C190|500|5405||8,00|0|0|0|0|0|0||
|C100|1|0||65|00|0|000002862|22200122030835000127650000000028621181431798|28012020|28012020|24,00|0|3,00||27,00|9||||0|0||||||||
|C190|500|5405||24,00|0|0|0|0|0|0||
|C100|1|0||65|00|0|000002863|22200122030835000127650000000028631212996241|29012020|29012020|746,15|1|248,72||994,87|9||||0|0||||||||
|C190|500|5405||746,15|0|0|0|0|0|0||
|C100|1|0||65|00|0|000002864|22200122030835000127650000000028641163959438|29012020|29012020|50,00|0|||50,00|9||||0|0||||||||
|C190|500|5405||50,00|0|0|0|0|0|0||
|C100|1|0||65|00|0|000002865|22200122030835000127650000000028651236266620|29012020|29012020|100,00|0|20,00||120,00|9||||0|0||||||||
|C190|500|5405||100,00|0|0|0|0|0|0||
|C100|1|0||65|00|0|000002866|22200122030835000127650000000028661438055300|29012020|29012020|26,00|0|5,80||31,80|9||||0|0||||||||
|C190|500|5405||26,00|0|0|0|0|0|0||
|C100|1|0||65|00|0|000002867|22200122030835000127650000000028671802658351|29012020|29012020|485,84|1|||485,84|9||||0|0||||||||
|C190|500|5405||485,84|0|0|0|0|0|0||
|C100|1|0||65|00|0|000002868|22200122030835000127650000000028681690570927|29012020|29012020|18,00|0|2,50||20,50|9||||0|0||||||||
|C190|500|5405||18,00|0|0|0|0|0|0||
|C100|1|0||65|00|0|000002869|22200122030835000127650000000028691398196775|29012020|29012020|90,00|0|21,00||111,00|9||||0|0||||||||
|C190|500|5405||90,00|0|0|0|0|0|0||
|C100|1|0||65|00|0|000002870|22200122030835000127650000000028701285225142|29012020|29012020|235,00|0|43,49||278,49|9||||0|0||||||||
|C190|500|5405||235,00|0|0|0|0|0|0||
|C100|1|0||65|00|0|000002871|22200122030835000127650000000028711400692825|29012020|29012020|100,00|0|14,00||114,00|9||||0|0||||||||
|C190|500|5405||100,00|0|0|0|0|0|0||
|C100|1|0||65|00|0|000002872|22200122030835000127650000000028721545228914|29012020|29012020|438,00|0|56,00||494,00|9||||0|0||||||||
|C190|500|5405||438,00|0|0|0|0|0|0||
|C100|1|0||65|00|0|000002873|22200122030835000127650000000028731161463388|29012020|29012020|245,00|1|30,31||275,31|9||||0|0||||||||
|C190|500|5405||245,00|0|0|0|0|0|0||
|C100|1|0||65|00|0|000002874|22200122030835000127650000000028741065158186|29012020|29012020|198,00|1|48,80||246,80|9||||0|0||||||||
|C190|500|5405||198,00|0|0|0|0|0|0||
|C100|1|0||65|00|0|000002875|22200122030835000127650000000028751318479721|29012020|29012020|33,30|0|3,70||37,00|9||||0|0||||||||
|C190|500|5405||33,30|0|0|0|0|0|0||
|C100|1|0||65|00|0|000002876|22200122030835000127650000000028761704663023|29012020|29012020|150,00|1|22,00||172,00|9||||0|0||||||||
|C190|500|5405||150,00|0|0|0|0|0|0||
|C100|1|0||65|00|0|000002877|22200122030835000127650000000028771742025494|29012020|29012020|7,00|0|1,00||8,00|9||||0|0||||||||
|C190|500|5405||7,00|0|0|0|0|0|0||
|C100|1|0||65|00|0|000002878|22200122030835000127650000000028781878267519|29012020|29012020|412,00|0|176,00||588,00|9||||0|0||||||||
|C190|500|5405||412,00|0|0|0|0|0|0||
|C100|1|0||65|00|0|000002879|22200122030835000127650000000028791691376842|29012020|29012020|55,00|0|11,00||66,00|9||||0|0||||||||
|C190|500|5405||55,00|0|0|0|0|0|0||
|C100|1|0||65|00|0|000002880|22200122030835000127650000000028801029407551|29012020|29012020|50,00|0|8,00||58,00|9||||0|0||||||||
|C190|500|5405||50,00|0|0|0|0|0|0||
|C100|1|0||65|00|0|000002881|22200122030835000127650000000028811578405210|29012020|29012020|410,00|0|110,00||520,00|9||||0|0||||||||
|C190|500|5405||410,00|0|0|0|0|0|0||
|C100|1|0||65|00|0|000002882|22200122030835000127650000000028821937210231|30012020|30012020|160,00|1|24,35||184,35|9||||0|0||||||||
|C190|500|5405||160,00|0|0|0|0|0|0||
|C100|1|0||65|00|0|000002883|22200122030835000127650000000028831254544899|30012020|30012020|22,00|0|3,00||25,00|9||||0|0||||||||
|C190|500|5405||22,00|0|0|0|0|0|0||
|C100|1|0||65|00|0|000002884|22200122030835000127650000000028841395700720|30012020|30012020|60,00|0|10,00||70,00|9||||0|0||||||||
|C190|500|5405||60,00|0|0|0|0|0|0||
|C100|1|0||65|00|0|000002885|22200122030835000127650000000028851217988341|30012020|30012020|23,00|0|2,80||25,80|9||||0|0||||||||
|C190|500|5405||23,00|0|0|0|0|0|0||
|C100|1|0||65|00|0|000002886|22200122030835000127650000000028861854997136|30012020|30012020|30,00|0|4,64||34,64|9||||0|0||||||||
|C190|500|5405||30,00|0|0|0|0|0|0||
|C100|1|0||65|00|0|000002887|22200122030835000127650000000028871791062302|30012020|30012020|287,00|0|44,57||331,57|9||||0|0||||||||
|C190|500|5405||287,00|0|0|0|0|0|0||
|C100|1|0||65|00|0|000002888|22200122030835000127650000000028881341750108|30012020|30012020|9,00|0|||9,00|9||||0|0||||||||
|C190|500|5405||9,00|0|0|0|0|0|0||
|C100|1|0||65|00|0|000002889|22200122030835000127650000000028891234576497|30012020|30012020|450,00|0|101,75||551,75|9||||0|0||||||||
|C190|500|5405||450,00|0|0|0|0|0|0||
|C100|1|0||65|00|0|000002890|22200122030835000127650000000028901713841302|30012020|30012020|13,50|0|1,50||15,00|9||||0|0||||||||
|C190|500|5405||13,50|0|0|0|0|0|0||
|C100|1|0||65|00|0|000002891|22200122030835000127650000000028911348354050|30012020|30012020|550,00|0|84,00||634,00|9||||0|0||||||||
|C190|500|5405||550,00|0|0|0|0|0|0||
|C100|1|0||65|00|0|000002892|22200122030835000127650000000028921149867330|30012020|30012020|78,20|0|8,72||86,92|9||||0|0||||||||
|C190|500|5405||78,20|0|0|0|0|0|0||
|C100|1|0||65|00|0|000002893|22200122030835000127650000000028931992045062|30012020|30012020|4,50|0|0,70||5,20|9||||0|0||||||||
|C190|500|5405||4,50|0|0|0|0|0|0||
|C100|1|0||65|00|0|000002894|22200122030835000127650000000028941193912048|30012020|30012020|135,00|0|15,00||150,00|9||||0|0||||||||
|C190|500|5405||135,00|0|0|0|0|0|0||
|C100|1|0||65|00|0|000002895|22200122030835000127650000000028951193912045|30012020|30012020|690,00|0|106,00||796,00|9||||0|0||||||||
|C190|500|5405||690,00|0|0|0|0|0|0||
|C100|1|0||65|00|0|000002896|22200122030835000127650000000028961123294986|30012020|30012020|150,00|0|22,92||172,92|9||||0|0||||||||
|C190|500|5405||150,00|0|0|0|0|0|0||
|C100|1|0||65|00|0|000002897|22200122030835000127650000000028971431451362|30012020|30012020|48,00|0|6,45||54,45|9||||0|0||||||||
|C190|500|5405||48,00|0|0|0|0|0|0||
|C100|1|0||65|00|0|000002898|22200122030835000127650000000028981105822636|30012020|30012020|364,00|1|||364,00|9||||0|0||||||||
|C190|500|5405||364,00|0|0|0|0|0|0||
|C100|1|0||65|00|0|000002899|22200122030835000127650000000028991129898931|30012020|30012020|500,00|0|80,00||580,00|9||||0|0||||||||
|C190|500|5405||500,00|0|0|0|0|0|0||
|C100|1|0||65|00|0|000002900|22200122030835000127650000000029001025299651|30012020|30012020|117,00|0|12,00||129,00|9||||0|0||||||||
|C190|500|5405||117,00|0|0|0|0|0|0||
|C100|1|0||65|00|0|000002901|22200122030835000127650000000029011225476490|30012020|30012020|9,00|0|1,00||10,00|9||||0|0||||||||
|C190|500|5405||9,00|0|0|0|0|0|0||
|C100|1|0||65|00|0|000002902|22200122030835000127650000000029021171447583|30012020|30012020|55,00|0|||55,00|9||||0|0||||||||
|C190|500|5405||55,00|0|0|0|0|0|0||
|C100|1|0||65|00|0|000002905|22200122030835000127650000000029051431451366|31012020|31012020|165,00|0|34,67||199,67|9||||0|0||||||||
|C190|500|5405||165,00|0|0|0|0|0|0||
|C100|1|0||65|00|0|000002906|22200122030835000127650000000029061405684933|31012020|31012020|50,00|0|6,00||56,00|9||||0|0||||||||
|C190|500|5405||50,00|0|0|0|0|0|0||
|C100|1|0||65|00|0|000002907|22200122030835000127650000000029071225476493|31012020|31012020|128,00|0|14,92||142,92|9||||0|0||||||||
|C190|500|5405||128,00|0|0|0|0|0|0||
|C100|1|0||65|00|0|000002908|22200122030835000127650000000029081789372172|31012020|31012020|550,00|0|95,18||645,18|9||||0|0||||||||
|C190|500|5405||550,00|0|0|0|0|0|0||
|C100|1|0||65|00|0|000002910|22200122030835000127650000000029101477913834|31012020|31012020|114,00|0|38,00||152,00|9||||0|0||||||||
|C190|500|5405||114,00|0|0|0|0|0|0||
|C100|1|0||65|00|0|000002911|22200122030835000127650000000029111986247040|31012020|31012020|710,00|1|177,50||887,50|9||||0|0||||||||
|C190|500|5405||710,00|0|0|0|0|0|0||
|C100|1|0||65|00|0|000002912|22200122030835000127650000000029121874965533|31012020|31012020|235,00|0|43,49||278,49|9||||0|0||||||||
|C190|500|5405||235,00|0|0|0|0|0|0||
|C100|1|0||65|00|0|000002913|22200122030835000127650000000029131788566259|31012020|31012020|7,00|0|1,64||8,64|9||||0|0||||||||
|C190|500|5405||7,00|0|0|0|0|0|0||
|C100|1|0||65|00|0|000002914|22200122030835000127650000000029141913133933|31012020|31012020|275,00|1|31,25||306,25|9||||0|0||||||||
|C190|500|5405||275,00|0|0|0|0|0|0||
|C100|1|0||65|00|0|000002915|22200122030835000127650000000029151801852439|31012020|31012020|60,00|0|8,00||68,00|9||||0|0||||||||
|C190|500|5405||60,00|0|0|0|0|0|0||
|C100|1|0||65|00|0|000002916|22200122030835000127650000000029161624945968|31012020|31012020|79,00|0|9,00||88,00|9||||0|0||||||||
|C190|500|5405||79,00|0|0|0|0|0|0||
|C100|1|0||65|00|0|000002917|22200122030835000127650000000029171737917606|31012020|31012020|7,00|0|1,00||8,00|9||||0|0||||||||
|C190|500|5405||7,00|0|0|0|0|0|0||
|C100|1|0||65|00|0|000002918|22200122030835000127650000000029181193027838|31012020|31012020|29,00|0|3,82||32,82|9||||0|0||||||||
|C190|500|5405||29,00|0|0|0|0|0|0||
|C100|1|0||65|00|0|000002919|22200122030835000127650000000029191899041832|31012020|31012020|23,90|0|2,72||26,62|9||||0|0||||||||
|C190|500|5405||23,90|0|0|0|0|0|0||
|C100|1|0||65|00|0|000002920|22200122030835000127650000000029201402382951|31012020|31012020|161,00|1|18,75||179,75|9||||0|0||||||||
|C190|500|5405||161,00|0|0|0|0|0|0||
|C100|1|0||65|00|0|000002921|22200122030835000127650000000029211951380610|31012020|31012020|355,00|0|66,16||421,16|9||||0|0||||||||
|C190|500|5405||355,00|0|0|0|0|0|0||
|C100|1|0||65|00|0|000002922|22200122030835000127650000000029221049375959|31012020|31012020|150,00|0|19,00||169,00|9||||0|0||||||||
|C190|500|5405||150,00|0|0|0|0|0|0||
|C100|1|0||65|00|0|000002923|22200122030835000127650000000029231584281520|31012020|31012020|390,00|0|76,29||466,29|9||||0|0||||||||
|C190|500|5405||390,00|0|0|0|0|0|0||
|C100|1|0||65|00|0|000002924|22200122030835000127650000000029241251164640|31012020|31012020|267,00|0|66,51||333,51|9||||0|0||||||||
|C190|500|5405||267,00|0|0|0|0|0|0||
|C100|1|0||65|00|0|000002925|22200122030835000127650000000029251828424787|31012020|31012020|198,00|1|22,00||220,00|9||||0|0||||||||
|C190|500|5405||198,00|0|0|0|0|0|0||
|C100|1|0||65|00|0|000002926|22200122030835000127650000000029261810146502|31012020|31012020|110,00|0|19,19||129,19|9||||0|0||||||||
|C190|500|5405||110,00|0|0|0|0|0|0||
|C100|1|0||65|00|0|000002927|22200122030835000127650000000029271669796590|31012020|31012020|115,00|0|25,00||140,00|9||||0|0||||||||
|C190|500|5405||115,00|0|0|0|0|0|0||
|C990|2659|
|D001|0|
|D100|0|1|1108230|57|00|0||000878489|35191248740351005477570000008784891709185896|19122019|03012020|0||144,47||0|144,47|0|0|144,47|||3543402|2211001|
|D190|090|2949||144,47|0|0|0||
|D100|0|1|1000044105|57|00|1||000008678|35191207869005000102570010000086781000206866|19122019|03012020|0||518,70||1|518,70|0|0|518,70|||3550308|2211001|
|D190|090|2353||518,70|0|0|0||
|D100|0|1|1000044105|57|00|1||000008777|35191207869005000102570010000087771000208069|26122019|03012020|0||379,60||1|379,60|0|0|379,60|||3550308|2211001|
|D190|090|2353||379,60|0|0|0||
|D100|0|1|1000044105|57|00|1||000008753|35191207869005000102570010000087531000207800|23122019|03012020|0||407,77||1|407,77|0|0|407,77|||3550308|2211001|
|D190|090|2353||407,77|0|0|0||
|D100|0|1|1000044105|57|00|1||000008778|35191207869005000102570010000087781000208074|26122019|03012020|0||100,00||1|100,00|0|0|100,00|||3550308|2211001|
|D190|090|2353||100,00|0|0|0||
|D100|0|1|1101516|57|00|1||000232350|35200107494510000373570010002323501004190026|16012020|16012020|0||397,56||1|397,56|0|0|397,56|||3518800|2211001|
|D190|090|2353||397,56|0|0|0||
|D100|0|1|1000044105|57|00|1||000009070|35200107869005000102570010000090701000211834|21012020|21012020|0||100,00||1|100,00|0|0|100,00|||3550308|2211001|
|D190|090|2353||100,00|0|0|0||
|D100|0|1|1101516|57|00|1||000232556|35200107494510000373570010002325561004192198|20012020|20012020|0||311,51||1|311,51|0|0|311,51|||3518800|2211001|
|D190|090|2353||311,51|0|0|0||
|D100|0|1|1000044105|57|00|1||000009039|35200107869005000102570010000090391000211427|21012020|21012020|0||1386,45||1|1386,45|0|0|1386,45|||4114203|2211001|
|D190|090|2353||1386,45|0|0|0||
|D100|0|1|1000008294|57|00|0||000230314|23200123646297000162570000002303141000000006|16012020|16012020|0||546,76||0|546,76|0|0|546,76|||2303709|2211001|
|D190|090|2949||546,76|0|0|0||
|D100|0|1|1000067902|57|00|1||000231863|35191210407802000174570010002318631001446664|20122019|02012020|0||150,64||0|150,64|0|0|150,64|||3526902|2211001|
|D190|090|2949||150,64|0|0|0||
|D100|0|1|1000065072|57|00|5||000040213|35191217786050000491570050000402131006758997|20122019|02012020|0||105,07||0|105,07|0|0|105,07|||3549805|3518800|
|D190|090|2949||105,07|0|0|0||
|D100|0|1|1000059746|57|00|1||000021113|35191229553984000110570010000211131000237025|24122019|02012020|0||137,01||9|137,01|0|0|137,01|||4217600|3518800|
|D190|090|2949||137,01|0|0|0||
|D100|0|1|1000065038|57|00|1||000022222|35200105125095000193570010000222221000222234|21012020|21012020|0||13,00||9|13,00|0|0|13,00|||3518800|3518800|
|D190|090|2949||13,00|0|0|0||
|D100|0|1|1101014|57|00|1||003606210|35200105258929000139570010036062101591064707|15012020|15012020|0||203,51||0|203,51|0|0|203,51|||3534708|3518800|
|D190|090|2949||203,51|0|0|0||
|D100|0|1|1000029001|57|00|0||000013448|41191219392776000122570000000134481000134484|17122019|03012020|0||223,00||0|223,00|0|0|223,00|||4101408|3550308|
|D190|090|2949||223,00|0|0|0||
|D100|0|1|1100562|57|00|1||000229823|41200111004221000154570010002298231002906197|20012020|20012020|0||65,00||0|65,00|0|0|65,00|||4115200|3518800|
|D190|090|2949||65,00|0|0|0||
|D100|0|1|1319|57|00|1||000106420|41200180845043000107570010001064201003262863|16012020|16012020|0||107,56||0|107,56|0|0|107,56|||4106902|3518800|
|D190|090|2949||107,56|0|0|0||
|D100|0|1|1000029496|57|00|1||000028149|42191226997525000137570010000281491000190788|18122019|02012020|0||617,15||0|617,15|0|0|617,15|||4217600|3518800|
|D190|090|2949||617,15|0|0|0||
|D100|0|1|1000022205|57|00|15||000479902|52200127428590000104570150004799021648313029|09012020|09012020|0||93,00||0|93,00|0|0|93,00|||5208707|2211001|
|D190|090|2949||93,00|0|0|0||
|D990|42|
|E001|0|
|E100|01012020|31012020|
|E110|0|0|12172,42|0|0|0|0|0|0|12172,42|0|12172,42|0|5796,89|
|E111|PI090005|Débito especial regime de ST do ICMS nas operações com peças, componentes e acessórios para veículos - Débito adicional de suspensão - 10% incidente nas saídas com as mercadorias constantes no Anexo II do Convênio ICMS nº 92/2015.|1156,55|
|E111|PI000031|REGIME ESPECIAL DE ST DO ICMS NAS OPERAÇÕES COM PEÇAS, COMPONENTES E ACESSÓRIOS PARA VEÍCULOS - RECOLHIMENTO DE 10% SOBRE O VALOR DO DOCUMENTO FISCAL RELATIVO ÀS ENTRADAS COM AS MERCADORIAS ELENCADAS NO ANEXO II DO CV ICMS 92/2015 (RICMS, ART 813-M)|11015,87|
|E111|PI050006|DEBITO ESPECIAL DE ANTECIPAÇÃO PARCIAL (RICMS ART. 766, CAP) '|173,45|
|E111|PI050009|DEBITO ESPECIAL TAXA FUNEF|1286,65|
|E111|PI050031|DEBITO ESPECIAL RE AUTOPEÇAS LIMITE MINIMO DE VENDAS MENSAIS A CONTRIBUINTES DO ICMS NÃO ATINGIDO.|4336,79|
|E116|000|12172,42|15022020|113000|||||012020|
|E116|090|173,45|17022020|113011||||DEBITO ESPECIAL DE ANTECIPAÇÃO PARCIAL (RICMS ART. 766, CAP) '|012020|
|E116|090|1286,65|17022020|122100||||DEBITO ESPECIAL TAXA FUNEF|012020|
|E116|090|4336,79|17022020|113000||||DEBITO ESPECIAL RE AUTOPEÇAS LIMITE MINIMO DE VENDAS MENSAIS A CONTRIBUINTES DO ICMS NÃO ATINGIDO.|012020|
|E200|PI|01012020|31012020|
|E210|1|0|0|0|0|0|0|0|0|0|0|0|0|1101,59|
|E220|PI150004|DEBITO ESPECIAL - FECOP - SUBSTITUIÇÃO TRIBTARIA - ENTRADAS INTERESTADUAL|1101,59|
|E250|001|1101,59|17022020|113387|||||012020|
|E990|17|
|G001|1|
|G990|2|
|H001|1|
|H990|2|
|K001|1|
|K990|2|
|1001|0|
|1010|N|N|N|N|N|N|S|N|N|N|N|N|N|
|1600|1105501|12223,74|29466,36|
|1600|1105502|4712,04|0|
|1600|1000021300|2009,08|0|
|1600|1105500|9358,97|8580,86|
|1990|7|
|9001|0|
|9900|0000|1|
|9900|0001|1|
|9900|0005|1|
|9900|0100|1|
|9900|0150|158|
|9900|0190|5|
|9900|0200|126|
|9900|0220|6|
|9900|0450|17|
|9900|0990|1|
|9900|B001|1|
|9900|B990|1|
|9900|C001|1|
|9900|C100|1269|
|9900|C110|17|
|9900|C113|3|
|9900|C170|128|
|9900|C190|1240|
|9900|C990|1|
|9900|D001|1|
|9900|D100|20|
|9900|D190|20|
|9900|D990|1|
|9900|E001|1|
|9900|E100|1|
|9900|E110|1|
|9900|E111|5|
|9900|E116|4|
|9900|E200|1|
|9900|E210|1|
|9900|E220|1|
|9900|E250|1|
|9900|E990|1|
|9900|G001|1|
|9900|G990|1|
|9900|H001|1|
|9900|H990|1|
|9900|K001|1|
|9900|K990|1|
|9900|1001|1|
|9900|1010|1|
|9900|1600|4|
|9900|1990|1|
|9900|9001|1|
|9900|9990|1|
|9900|9999|1|
|9900|9900|47|
|9990|50|
|9999|3100|
